%YAML 1.1
%TAG !u! tag:unity3d.com,2011:
--- !u!29 &1
OcclusionCullingSettings:
  m_ObjectHideFlags: 0
  serializedVersion: 2
  m_OcclusionBakeSettings:
    smallestOccluder: 5
    smallestHole: 0.25
    backfaceThreshold: 100
  m_SceneGUID: 00000000000000000000000000000000
  m_OcclusionCullingData: {fileID: 0}
--- !u!104 &2
RenderSettings:
  m_ObjectHideFlags: 0
  serializedVersion: 9
  m_Fog: 0
  m_FogColor: {r: 0.5, g: 0.5, b: 0.5, a: 1}
  m_FogMode: 3
  m_FogDensity: 0.01
  m_LinearFogStart: 0
  m_LinearFogEnd: 300
  m_AmbientSkyColor: {r: 0.212, g: 0.227, b: 0.259, a: 1}
  m_AmbientEquatorColor: {r: 0.114, g: 0.125, b: 0.133, a: 1}
  m_AmbientGroundColor: {r: 0.047, g: 0.043, b: 0.035, a: 1}
  m_AmbientIntensity: 1
  m_AmbientMode: 3
  m_SubtractiveShadowColor: {r: 0.42, g: 0.478, b: 0.627, a: 1}
  m_SkyboxMaterial: {fileID: 0}
  m_HaloStrength: 0.5
  m_FlareStrength: 1
  m_FlareFadeSpeed: 3
  m_HaloTexture: {fileID: 0}
  m_SpotCookie: {fileID: 10001, guid: 0000000000000000e000000000000000, type: 0}
  m_DefaultReflectionMode: 0
  m_DefaultReflectionResolution: 128
  m_ReflectionBounces: 1
  m_ReflectionIntensity: 1
  m_CustomReflection: {fileID: 0}
  m_Sun: {fileID: 0}
  m_IndirectSpecularColor: {r: 0, g: 0, b: 0, a: 1}
  m_UseRadianceAmbientProbe: 0
--- !u!157 &3
LightmapSettings:
  m_ObjectHideFlags: 0
  serializedVersion: 12
  m_GIWorkflowMode: 1
  m_GISettings:
    serializedVersion: 2
    m_BounceScale: 1
    m_IndirectOutputScale: 1
    m_AlbedoBoost: 1
    m_EnvironmentLightingMode: 0
    m_EnableBakedLightmaps: 0
    m_EnableRealtimeLightmaps: 0
  m_LightmapEditorSettings:
    serializedVersion: 12
    m_Resolution: 2
    m_BakeResolution: 40
    m_AtlasSize: 1024
    m_AO: 0
    m_AOMaxDistance: 1
    m_CompAOExponent: 1
    m_CompAOExponentDirect: 0
    m_ExtractAmbientOcclusion: 0
    m_Padding: 2
    m_LightmapParameters: {fileID: 0}
    m_LightmapsBakeMode: 1
    m_TextureCompression: 1
    m_FinalGather: 0
    m_FinalGatherFiltering: 1
    m_FinalGatherRayCount: 256
    m_ReflectionCompression: 2
    m_MixedBakeMode: 2
    m_BakeBackend: 0
    m_PVRSampling: 1
    m_PVRDirectSampleCount: 32
    m_PVRSampleCount: 500
    m_PVRBounces: 2
    m_PVREnvironmentSampleCount: 500
    m_PVREnvironmentReferencePointCount: 2048
    m_PVRFilteringMode: 2
    m_PVRDenoiserTypeDirect: 0
    m_PVRDenoiserTypeIndirect: 0
    m_PVRDenoiserTypeAO: 0
    m_PVRFilterTypeDirect: 0
    m_PVRFilterTypeIndirect: 0
    m_PVRFilterTypeAO: 0
    m_PVREnvironmentMIS: 0
    m_PVRCulling: 1
    m_PVRFilteringGaussRadiusDirect: 1
    m_PVRFilteringGaussRadiusIndirect: 5
    m_PVRFilteringGaussRadiusAO: 2
    m_PVRFilteringAtrousPositionSigmaDirect: 0.5
    m_PVRFilteringAtrousPositionSigmaIndirect: 2
    m_PVRFilteringAtrousPositionSigmaAO: 1
    m_ExportTrainingData: 0
    m_TrainingDataDestination: TrainingData
    m_LightProbeSampleCountMultiplier: 4
  m_LightingDataAsset: {fileID: 0}
  m_LightingSettings: {fileID: 0}
--- !u!196 &4
NavMeshSettings:
  serializedVersion: 2
  m_ObjectHideFlags: 0
  m_BuildSettings:
    serializedVersion: 2
    agentTypeID: 0
    agentRadius: 0.5
    agentHeight: 2
    agentSlope: 45
    agentClimb: 0.4
    ledgeDropHeight: 0
    maxJumpAcrossDistance: 0
    minRegionArea: 2
    manualCellSize: 0
    cellSize: 0.16666667
    manualTileSize: 0
    tileSize: 256
    accuratePlacement: 0
    maxJobWorkers: 0
    preserveTilesOutsideBounds: 0
    debug:
      m_Flags: 0
  m_NavMeshData: {fileID: 0}
--- !u!1 &61685804
GameObject:
  m_ObjectHideFlags: 0
  m_CorrespondingSourceObject: {fileID: 0}
  m_PrefabInstance: {fileID: 0}
  m_PrefabAsset: {fileID: 0}
  serializedVersion: 6
  m_Component:
  - component: {fileID: 61685805}
  - component: {fileID: 61685807}
  - component: {fileID: 61685806}
  - component: {fileID: 61685808}
  m_Layer: 5
  m_Name: "\u6240\u6301\u91D1"
  m_TagString: Untagged
  m_Icon: {fileID: 0}
  m_NavMeshLayer: 0
  m_StaticEditorFlags: 0
  m_IsActive: 1
--- !u!224 &61685805
RectTransform:
  m_ObjectHideFlags: 0
  m_CorrespondingSourceObject: {fileID: 0}
  m_PrefabInstance: {fileID: 0}
  m_PrefabAsset: {fileID: 0}
  m_GameObject: {fileID: 61685804}
  m_LocalRotation: {x: 0, y: 0, z: 0, w: 1}
  m_LocalPosition: {x: 0, y: 0, z: 0}
  m_LocalScale: {x: 1, y: 1, z: 1}
  m_Children: []
  m_Father: {fileID: 680989370}
  m_RootOrder: 0
  m_LocalEulerAnglesHint: {x: 0, y: 0, z: 0}
  m_AnchorMin: {x: 0, y: 0}
  m_AnchorMax: {x: 0, y: 0}
  m_AnchoredPosition: {x: 0, y: 0}
  m_SizeDelta: {x: 450, y: 120}
  m_Pivot: {x: 0.5, y: 0.5}
--- !u!114 &61685806
MonoBehaviour:
  m_ObjectHideFlags: 0
  m_CorrespondingSourceObject: {fileID: 0}
  m_PrefabInstance: {fileID: 0}
  m_PrefabAsset: {fileID: 0}
  m_GameObject: {fileID: 61685804}
  m_Enabled: 1
  m_EditorHideFlags: 0
  m_Script: {fileID: 11500000, guid: 5f7201a12d95ffc409449d95f23cf332, type: 3}
  m_Name: 
  m_EditorClassIdentifier: 
  m_Material: {fileID: 0}
  m_Color: {r: 0.19607843, g: 0.19607843, b: 0.19607843, a: 1}
  m_RaycastTarget: 1
  m_RaycastPadding: {x: 0, y: 0, z: 0, w: 0}
  m_Maskable: 1
  m_OnCullStateChanged:
    m_PersistentCalls:
      m_Calls: []
  m_FontData:
    m_Font: {fileID: 12800000, guid: 7ec52f27e049c7e4d8d40ac7a08ea20c, type: 3}
    m_FontSize: 45
    m_FontStyle: 0
    m_BestFit: 0
    m_MinSize: 0
    m_MaxSize: 100
    m_Alignment: 1
    m_AlignByGeometry: 0
    m_RichText: 1
    m_HorizontalOverflow: 0
    m_VerticalOverflow: 0
    m_LineSpacing: 0.66
  m_Text: "1000000000000000000 \u20AC"
--- !u!222 &61685807
CanvasRenderer:
  m_ObjectHideFlags: 0
  m_CorrespondingSourceObject: {fileID: 0}
  m_PrefabInstance: {fileID: 0}
  m_PrefabAsset: {fileID: 0}
  m_GameObject: {fileID: 61685804}
  m_CullTransparentMesh: 1
--- !u!114 &61685808
MonoBehaviour:
  m_ObjectHideFlags: 0
  m_CorrespondingSourceObject: {fileID: 0}
  m_PrefabInstance: {fileID: 0}
  m_PrefabAsset: {fileID: 0}
  m_GameObject: {fileID: 61685804}
  m_Enabled: 1
  m_EditorHideFlags: 0
  m_Script: {fileID: 11500000, guid: dcbbf346465340a4f916f8cc92ca322e, type: 3}
  m_Name: 
  m_EditorClassIdentifier: 
--- !u!114 &69042744 stripped
MonoBehaviour:
  m_CorrespondingSourceObject: {fileID: 4181511887391147444, guid: b5c09f75bd5b1e946901fe7a3c9f1b0e, type: 3}
  m_PrefabInstance: {fileID: 21616503890599787}
  m_PrefabAsset: {fileID: 0}
  m_GameObject: {fileID: 0}
  m_Enabled: 1
  m_EditorHideFlags: 0
  m_Script: {fileID: 11500000, guid: 5f7201a12d95ffc409449d95f23cf332, type: 3}
  m_Name: 
  m_EditorClassIdentifier: 
--- !u!114 &80988276 stripped
MonoBehaviour:
  m_CorrespondingSourceObject: {fileID: 5591635618192496776, guid: b5c09f75bd5b1e946901fe7a3c9f1b0e, type: 3}
  m_PrefabInstance: {fileID: 1087590744}
  m_PrefabAsset: {fileID: 0}
  m_GameObject: {fileID: 0}
  m_Enabled: 1
  m_EditorHideFlags: 0
  m_Script: {fileID: 11500000, guid: 5f7201a12d95ffc409449d95f23cf332, type: 3}
  m_Name: 
  m_EditorClassIdentifier: 
--- !u!1 &299910925
GameObject:
  m_ObjectHideFlags: 0
  m_CorrespondingSourceObject: {fileID: 0}
  m_PrefabInstance: {fileID: 0}
  m_PrefabAsset: {fileID: 0}
  serializedVersion: 6
  m_Component:
  - component: {fileID: 299910929}
  - component: {fileID: 299910928}
  - component: {fileID: 299910927}
  - component: {fileID: 299910926}
  - component: {fileID: 299910930}
  m_Layer: 5
  m_Name: Canvas
  m_TagString: Untagged
  m_Icon: {fileID: 0}
  m_NavMeshLayer: 0
  m_StaticEditorFlags: 0
  m_IsActive: 1
--- !u!114 &299910926
MonoBehaviour:
  m_ObjectHideFlags: 0
  m_CorrespondingSourceObject: {fileID: 0}
  m_PrefabInstance: {fileID: 0}
  m_PrefabAsset: {fileID: 0}
  m_GameObject: {fileID: 299910925}
  m_Enabled: 1
  m_EditorHideFlags: 0
  m_Script: {fileID: 11500000, guid: dc42784cf147c0c48a680349fa168899, type: 3}
  m_Name: 
  m_EditorClassIdentifier: 
  m_IgnoreReversedGraphics: 1
  m_BlockingObjects: 0
  m_BlockingMask:
    serializedVersion: 2
    m_Bits: 55
--- !u!114 &299910927
MonoBehaviour:
  m_ObjectHideFlags: 0
  m_CorrespondingSourceObject: {fileID: 0}
  m_PrefabInstance: {fileID: 0}
  m_PrefabAsset: {fileID: 0}
  m_GameObject: {fileID: 299910925}
  m_Enabled: 1
  m_EditorHideFlags: 0
  m_Script: {fileID: 11500000, guid: 0cd44c1031e13a943bb63640046fad76, type: 3}
  m_Name: 
  m_EditorClassIdentifier: 
  m_UiScaleMode: 1
  m_ReferencePixelsPerUnit: 100
  m_ScaleFactor: 1
  m_ReferenceResolution: {x: 800, y: 600}
  m_ScreenMatchMode: 0
  m_MatchWidthOrHeight: 0
  m_PhysicalUnit: 3
  m_FallbackScreenDPI: 96
  m_DefaultSpriteDPI: 96
  m_DynamicPixelsPerUnit: 1
  m_PresetInfoIsWorld: 0
--- !u!223 &299910928
Canvas:
  m_ObjectHideFlags: 0
  m_CorrespondingSourceObject: {fileID: 0}
  m_PrefabInstance: {fileID: 0}
  m_PrefabAsset: {fileID: 0}
  m_GameObject: {fileID: 299910925}
  m_Enabled: 1
  serializedVersion: 3
  m_RenderMode: 1
  m_Camera: {fileID: 519420031}
  m_PlaneDistance: 100
  m_PixelPerfect: 0
  m_ReceivesEvents: 1
  m_OverrideSorting: 0
  m_OverridePixelPerfect: 0
  m_SortingBucketNormalizedSize: 0
  m_AdditionalShaderChannelsFlag: 0
  m_SortingLayerID: 0
  m_SortingOrder: 0
  m_TargetDisplay: 0
--- !u!224 &299910929
RectTransform:
  m_ObjectHideFlags: 0
  m_CorrespondingSourceObject: {fileID: 0}
  m_PrefabInstance: {fileID: 0}
  m_PrefabAsset: {fileID: 0}
  m_GameObject: {fileID: 299910925}
  m_LocalRotation: {x: 0, y: 0, z: 0, w: 1}
  m_LocalPosition: {x: 0, y: 0, z: 0}
  m_LocalScale: {x: 0, y: 0, z: 0}
  m_Children:
  - {fileID: 680989370}
  - {fileID: 527947300}
  m_Father: {fileID: 0}
  m_RootOrder: 1
  m_LocalEulerAnglesHint: {x: 0, y: 0, z: 0}
  m_AnchorMin: {x: 0, y: 0}
  m_AnchorMax: {x: 0, y: 0}
  m_AnchoredPosition: {x: 0, y: 0}
  m_SizeDelta: {x: 0, y: 0}
  m_Pivot: {x: 0, y: 0}
--- !u!114 &299910930
MonoBehaviour:
  m_ObjectHideFlags: 0
  m_CorrespondingSourceObject: {fileID: 0}
  m_PrefabInstance: {fileID: 0}
  m_PrefabAsset: {fileID: 0}
  m_GameObject: {fileID: 299910925}
  m_Enabled: 1
  m_EditorHideFlags: 0
  m_Script: {fileID: 11500000, guid: 30649d3a9faa99c48a7b1166b86bf2a0, type: 3}
  m_Name: 
  m_EditorClassIdentifier: 
  m_Padding:
    m_Left: 0
    m_Right: 0
    m_Top: 0
    m_Bottom: 0
  m_ChildAlignment: 0
  m_Spacing: 0
  m_ChildForceExpandWidth: 0
  m_ChildForceExpandHeight: 0
  m_ChildControlWidth: 0
  m_ChildControlHeight: 0
  m_ChildScaleWidth: 0
  m_ChildScaleHeight: 0
  m_ReverseArrangement: 0
--- !u!1 &327977498
GameObject:
  m_ObjectHideFlags: 0
  m_CorrespondingSourceObject: {fileID: 0}
  m_PrefabInstance: {fileID: 0}
  m_PrefabAsset: {fileID: 0}
  serializedVersion: 6
  m_Component:
  - component: {fileID: 327977499}
  - component: {fileID: 327977501}
  - component: {fileID: 327977500}
  - component: {fileID: 327977502}
  m_Layer: 5
  m_Name: EpS
  m_TagString: Untagged
  m_Icon: {fileID: 0}
  m_NavMeshLayer: 0
  m_StaticEditorFlags: 0
  m_IsActive: 1
--- !u!224 &327977499
RectTransform:
  m_ObjectHideFlags: 0
  m_CorrespondingSourceObject: {fileID: 0}
  m_PrefabInstance: {fileID: 0}
  m_PrefabAsset: {fileID: 0}
  m_GameObject: {fileID: 327977498}
  m_LocalRotation: {x: 0, y: 0, z: 0, w: 1}
  m_LocalPosition: {x: 0, y: 0, z: 0}
  m_LocalScale: {x: 1, y: 1, z: 1}
  m_Children: []
  m_Father: {fileID: 680989370}
  m_RootOrder: 1
  m_LocalEulerAnglesHint: {x: 0, y: 0, z: 0}
  m_AnchorMin: {x: 0, y: 0}
  m_AnchorMax: {x: 0, y: 0}
  m_AnchoredPosition: {x: 0, y: 0}
  m_SizeDelta: {x: 450, y: 20}
  m_Pivot: {x: 0.5, y: 0.5}
--- !u!114 &327977500
MonoBehaviour:
  m_ObjectHideFlags: 0
  m_CorrespondingSourceObject: {fileID: 0}
  m_PrefabInstance: {fileID: 0}
  m_PrefabAsset: {fileID: 0}
  m_GameObject: {fileID: 327977498}
  m_Enabled: 1
  m_EditorHideFlags: 0
  m_Script: {fileID: 11500000, guid: 5f7201a12d95ffc409449d95f23cf332, type: 3}
  m_Name: 
  m_EditorClassIdentifier: 
  m_Material: {fileID: 0}
  m_Color: {r: 0.19607843, g: 0.19607843, b: 0.19607843, a: 1}
  m_RaycastTarget: 1
  m_RaycastPadding: {x: 0, y: 0, z: 0, w: 0}
  m_Maskable: 1
  m_OnCullStateChanged:
    m_PersistentCalls:
      m_Calls: []
  m_FontData:
    m_Font: {fileID: 12800000, guid: 7ec52f27e049c7e4d8d40ac7a08ea20c, type: 3}
    m_FontSize: 14
    m_FontStyle: 0
    m_BestFit: 0
    m_MinSize: 10
    m_MaxSize: 40
    m_Alignment: 1
    m_AlignByGeometry: 0
    m_RichText: 1
    m_HorizontalOverflow: 0
    m_VerticalOverflow: 0
    m_LineSpacing: 1
  m_Text: '[NOT IMPREMENTED] EpS'
--- !u!222 &327977501
CanvasRenderer:
  m_ObjectHideFlags: 0
  m_CorrespondingSourceObject: {fileID: 0}
  m_PrefabInstance: {fileID: 0}
  m_PrefabAsset: {fileID: 0}
  m_GameObject: {fileID: 327977498}
  m_CullTransparentMesh: 1
--- !u!114 &327977502
MonoBehaviour:
  m_ObjectHideFlags: 0
  m_CorrespondingSourceObject: {fileID: 0}
  m_PrefabInstance: {fileID: 0}
  m_PrefabAsset: {fileID: 0}
  m_GameObject: {fileID: 327977498}
  m_Enabled: 1
  m_EditorHideFlags: 0
  m_Script: {fileID: 11500000, guid: 71c28793b38e25f47a038ea01d06cc2a, type: 3}
  m_Name: 
  m_EditorClassIdentifier: 
--- !u!1 &368191957
GameObject:
  m_ObjectHideFlags: 0
  m_CorrespondingSourceObject: {fileID: 0}
  m_PrefabInstance: {fileID: 0}
  m_PrefabAsset: {fileID: 0}
  serializedVersion: 6
  m_Component:
  - component: {fileID: 368191958}
  - component: {fileID: 368191961}
  - component: {fileID: 368191960}
  - component: {fileID: 368191959}
  - component: {fileID: 368191962}
  m_Layer: 5
  m_Name: Hen
  m_TagString: Untagged
  m_Icon: {fileID: 0}
  m_NavMeshLayer: 0
  m_StaticEditorFlags: 0
  m_IsActive: 1
--- !u!224 &368191958
RectTransform:
  m_ObjectHideFlags: 0
  m_CorrespondingSourceObject: {fileID: 0}
  m_PrefabInstance: {fileID: 0}
  m_PrefabAsset: {fileID: 0}
  m_GameObject: {fileID: 368191957}
  m_LocalRotation: {x: 0, y: 0, z: 0, w: 1}
  m_LocalPosition: {x: 0, y: 0, z: -5399.9995}
  m_LocalScale: {x: 1, y: 1, z: 1}
  m_Children: []
  m_Father: {fileID: 680989370}
  m_RootOrder: 2
  m_LocalEulerAnglesHint: {x: 0, y: 0, z: 0}
  m_AnchorMin: {x: 0, y: 0}
  m_AnchorMax: {x: 0, y: 0}
  m_AnchoredPosition: {x: 0, y: 0}
  m_SizeDelta: {x: 400, y: 400}
  m_Pivot: {x: 0.5, y: 0.5}
--- !u!114 &368191959
MonoBehaviour:
  m_ObjectHideFlags: 0
  m_CorrespondingSourceObject: {fileID: 0}
  m_PrefabInstance: {fileID: 0}
  m_PrefabAsset: {fileID: 0}
  m_GameObject: {fileID: 368191957}
  m_Enabled: 1
  m_EditorHideFlags: 0
  m_Script: {fileID: 11500000, guid: fe87c0e1cc204ed48ad3b37840f39efc, type: 3}
  m_Name: 
  m_EditorClassIdentifier: 
  m_Material: {fileID: 0}
  m_Color: {r: 1, g: 1, b: 1, a: 1}
  m_RaycastTarget: 1
  m_RaycastPadding: {x: 0, y: 0, z: 0, w: 0}
  m_Maskable: 1
  m_OnCullStateChanged:
    m_PersistentCalls:
      m_Calls: []
  m_Sprite: {fileID: 21300000, guid: f420cc999cc808a49978c83c657eaa51, type: 3}
  m_Type: 0
  m_PreserveAspect: 0
  m_FillCenter: 1
  m_FillMethod: 4
  m_FillAmount: 1
  m_FillClockwise: 1
  m_FillOrigin: 0
  m_UseSpriteMesh: 0
  m_PixelsPerUnitMultiplier: 1
--- !u!222 &368191960
CanvasRenderer:
  m_ObjectHideFlags: 0
  m_CorrespondingSourceObject: {fileID: 0}
  m_PrefabInstance: {fileID: 0}
  m_PrefabAsset: {fileID: 0}
  m_GameObject: {fileID: 368191957}
  m_CullTransparentMesh: 1
--- !u!212 &368191961
SpriteRenderer:
  m_ObjectHideFlags: 0
  m_CorrespondingSourceObject: {fileID: 0}
  m_PrefabInstance: {fileID: 0}
  m_PrefabAsset: {fileID: 0}
  m_GameObject: {fileID: 368191957}
  m_Enabled: 1
  m_CastShadows: 0
  m_ReceiveShadows: 0
  m_DynamicOccludee: 1
  m_MotionVectors: 1
  m_LightProbeUsage: 1
  m_ReflectionProbeUsage: 1
  m_RayTracingMode: 0
  m_RayTraceProcedural: 0
  m_RenderingLayerMask: 1
  m_RendererPriority: 0
  m_Materials:
  - {fileID: 10754, guid: 0000000000000000f000000000000000, type: 0}
  m_StaticBatchInfo:
    firstSubMesh: 0
    subMeshCount: 0
  m_StaticBatchRoot: {fileID: 0}
  m_ProbeAnchor: {fileID: 0}
  m_LightProbeVolumeOverride: {fileID: 0}
  m_ScaleInLightmap: 1
  m_ReceiveGI: 1
  m_PreserveUVs: 0
  m_IgnoreNormalsForChartDetection: 0
  m_ImportantGI: 0
  m_StitchLightmapSeams: 1
  m_SelectedEditorRenderState: 0
  m_MinimumChartSize: 4
  m_AutoUVMaxDistance: 0.5
  m_AutoUVMaxAngle: 89
  m_LightmapParameters: {fileID: 0}
  m_SortingLayerID: 0
  m_SortingLayer: 0
  m_SortingOrder: 0
  m_Sprite: {fileID: 7482667652216324306, guid: 48e93eef0688c4a259cb0eddcd8661f7, type: 3}
  m_Color: {r: 1, g: 1, b: 1, a: 1}
  m_FlipX: 0
  m_FlipY: 0
  m_DrawMode: 0
  m_Size: {x: 1, y: 1}
  m_AdaptiveModeThreshold: 0.5
  m_SpriteTileMode: 0
  m_WasSpriteAssigned: 1
  m_MaskInteraction: 0
  m_SpriteSortPoint: 0
--- !u!114 &368191962
MonoBehaviour:
  m_ObjectHideFlags: 0
  m_CorrespondingSourceObject: {fileID: 0}
  m_PrefabInstance: {fileID: 0}
  m_PrefabAsset: {fileID: 0}
  m_GameObject: {fileID: 368191957}
  m_Enabled: 1
  m_EditorHideFlags: 0
  m_Script: {fileID: 11500000, guid: 9886b26f7bc832942970f752bcf1a234, type: 3}
  m_Name: 
  m_EditorClassIdentifier: 
--- !u!114 &496154338 stripped
MonoBehaviour:
  m_CorrespondingSourceObject: {fileID: 21616504974593758, guid: b5c09f75bd5b1e946901fe7a3c9f1b0e, type: 3}
  m_PrefabInstance: {fileID: 825433296}
  m_PrefabAsset: {fileID: 0}
  m_GameObject: {fileID: 0}
  m_Enabled: 1
  m_EditorHideFlags: 0
  m_Script: {fileID: 11500000, guid: 4e29b1a8efbd4b44bb3f3716e73f07ff, type: 3}
  m_Name: 
  m_EditorClassIdentifier: 
--- !u!1 &519420028
GameObject:
  m_ObjectHideFlags: 0
  m_CorrespondingSourceObject: {fileID: 0}
  m_PrefabInstance: {fileID: 0}
  m_PrefabAsset: {fileID: 0}
  serializedVersion: 6
  m_Component:
  - component: {fileID: 519420032}
  - component: {fileID: 519420031}
  - component: {fileID: 519420029}
  - component: {fileID: 519420030}
  m_Layer: 0
  m_Name: Main Camera
  m_TagString: MainCamera
  m_Icon: {fileID: 0}
  m_NavMeshLayer: 0
  m_StaticEditorFlags: 0
  m_IsActive: 1
--- !u!81 &519420029
AudioListener:
  m_ObjectHideFlags: 0
  m_CorrespondingSourceObject: {fileID: 0}
  m_PrefabInstance: {fileID: 0}
  m_PrefabAsset: {fileID: 0}
  m_GameObject: {fileID: 519420028}
  m_Enabled: 1
--- !u!114 &519420030
MonoBehaviour:
  m_ObjectHideFlags: 0
  m_CorrespondingSourceObject: {fileID: 0}
  m_PrefabInstance: {fileID: 0}
  m_PrefabAsset: {fileID: 0}
  m_GameObject: {fileID: 519420028}
  m_Enabled: 1
  m_EditorHideFlags: 0
  m_Script: {fileID: 11500000, guid: 56666c5a40171f54783dd416a44f42bf, type: 3}
  m_Name: 
  m_EditorClassIdentifier: 
  m_EventMask:
    serializedVersion: 2
    m_Bits: 4294967295
  m_MaxRayIntersections: 0
--- !u!20 &519420031
Camera:
  m_ObjectHideFlags: 0
  m_CorrespondingSourceObject: {fileID: 0}
  m_PrefabInstance: {fileID: 0}
  m_PrefabAsset: {fileID: 0}
  m_GameObject: {fileID: 519420028}
  m_Enabled: 1
  serializedVersion: 2
  m_ClearFlags: 2
  m_BackGroundColor: {r: 0.19215687, g: 0.3019608, b: 0.4745098, a: 0}
  m_projectionMatrixMode: 1
  m_GateFitMode: 2
  m_FOVAxisMode: 0
  m_SensorSize: {x: 36, y: 24}
  m_LensShift: {x: 0, y: 0}
  m_FocalLength: 50
  m_NormalizedViewPortRect:
    serializedVersion: 2
    x: 0
    y: 0
    width: 1
    height: 1
  near clip plane: 0.3
  far clip plane: 1000
  field of view: 60
  orthographic: 1
  orthographic size: 5
  m_Depth: -1
  m_CullingMask:
    serializedVersion: 2
    m_Bits: 4294967295
  m_RenderingPath: -1
  m_TargetTexture: {fileID: 0}
  m_TargetDisplay: 0
  m_TargetEye: 0
  m_HDR: 1
  m_AllowMSAA: 0
  m_AllowDynamicResolution: 0
  m_ForceIntoRT: 0
  m_OcclusionCulling: 0
  m_StereoConvergence: 10
  m_StereoSeparation: 0.022
--- !u!4 &519420032
Transform:
  m_ObjectHideFlags: 0
  m_CorrespondingSourceObject: {fileID: 0}
  m_PrefabInstance: {fileID: 0}
  m_PrefabAsset: {fileID: 0}
  m_GameObject: {fileID: 519420028}
  m_LocalRotation: {x: 0, y: 0, z: 0, w: 1}
  m_LocalPosition: {x: 0, y: 0, z: -10}
  m_LocalScale: {x: 1, y: 1, z: 1}
  m_Children: []
  m_Father: {fileID: 0}
  m_RootOrder: 0
  m_LocalEulerAnglesHint: {x: 0, y: 0, z: 0}
--- !u!1 &527947299
GameObject:
  m_ObjectHideFlags: 0
  m_CorrespondingSourceObject: {fileID: 0}
  m_PrefabInstance: {fileID: 0}
  m_PrefabAsset: {fileID: 0}
  serializedVersion: 6
  m_Component:
  - component: {fileID: 527947300}
  - component: {fileID: 527947302}
  - component: {fileID: 527947303}
  - component: {fileID: 527947301}
  m_Layer: 5
  m_Name: FacilityGroup
  m_TagString: Untagged
  m_Icon: {fileID: 0}
  m_NavMeshLayer: 0
  m_StaticEditorFlags: 0
  m_IsActive: 1
--- !u!224 &527947300
RectTransform:
  m_ObjectHideFlags: 0
  m_CorrespondingSourceObject: {fileID: 0}
  m_PrefabInstance: {fileID: 0}
  m_PrefabAsset: {fileID: 0}
  m_GameObject: {fileID: 527947299}
  m_LocalRotation: {x: 0, y: 0, z: 0, w: 1}
  m_LocalPosition: {x: 0, y: 0, z: 0}
  m_LocalScale: {x: 1, y: 1, z: 1}
  m_Children:
  - {fileID: 1866998044}
  - {fileID: 1206161844}
  - {fileID: 1919017069}
  - {fileID: 912235800}
  - {fileID: 1703705155}
  - {fileID: 825433297}
  - {fileID: 1087590745}
  m_Father: {fileID: 299910929}
  m_RootOrder: 1
  m_LocalEulerAnglesHint: {x: 0, y: 0, z: 0}
  m_AnchorMin: {x: 0, y: 0}
  m_AnchorMax: {x: 0, y: 0}
  m_AnchoredPosition: {x: 0, y: 0}
  m_SizeDelta: {x: 350, y: 600}
  m_Pivot: {x: 0.5, y: 0.5}
--- !u!114 &527947301
MonoBehaviour:
  m_ObjectHideFlags: 0
  m_CorrespondingSourceObject: {fileID: 0}
  m_PrefabInstance: {fileID: 0}
  m_PrefabAsset: {fileID: 0}
  m_GameObject: {fileID: 527947299}
  m_Enabled: 1
  m_EditorHideFlags: 0
  m_Script: {fileID: 11500000, guid: 531bf5d61c543144e9aa6ed1540fb75f, type: 3}
  m_Name: 
  m_EditorClassIdentifier: 
--- !u!222 &527947302
CanvasRenderer:
  m_ObjectHideFlags: 0
  m_CorrespondingSourceObject: {fileID: 0}
  m_PrefabInstance: {fileID: 0}
  m_PrefabAsset: {fileID: 0}
  m_GameObject: {fileID: 527947299}
  m_CullTransparentMesh: 1
--- !u!114 &527947303
MonoBehaviour:
  m_ObjectHideFlags: 0
  m_CorrespondingSourceObject: {fileID: 0}
  m_PrefabInstance: {fileID: 0}
  m_PrefabAsset: {fileID: 0}
  m_GameObject: {fileID: 527947299}
  m_Enabled: 1
  m_EditorHideFlags: 0
  m_Script: {fileID: 11500000, guid: 59f8146938fff824cb5fd77236b75775, type: 3}
  m_Name: 
  m_EditorClassIdentifier: 
  m_Padding:
    m_Left: 0
    m_Right: 0
    m_Top: 0
    m_Bottom: 0
  m_ChildAlignment: 0
  m_Spacing: 0
  m_ChildForceExpandWidth: 0
  m_ChildForceExpandHeight: 0
  m_ChildControlWidth: 0
  m_ChildControlHeight: 0
  m_ChildScaleWidth: 0
  m_ChildScaleHeight: 0
  m_ReverseArrangement: 0
--- !u!114 &543266720 stripped
MonoBehaviour:
  m_CorrespondingSourceObject: {fileID: 5591635618192496776, guid: b5c09f75bd5b1e946901fe7a3c9f1b0e, type: 3}
  m_PrefabInstance: {fileID: 825433296}
  m_PrefabAsset: {fileID: 0}
  m_GameObject: {fileID: 0}
  m_Enabled: 1
  m_EditorHideFlags: 0
  m_Script: {fileID: 11500000, guid: 5f7201a12d95ffc409449d95f23cf332, type: 3}
  m_Name: 
  m_EditorClassIdentifier: 
--- !u!114 &584037099 stripped
MonoBehaviour:
  m_CorrespondingSourceObject: {fileID: 5591635618192496776, guid: b5c09f75bd5b1e946901fe7a3c9f1b0e, type: 3}
  m_PrefabInstance: {fileID: 1703705154}
  m_PrefabAsset: {fileID: 0}
  m_GameObject: {fileID: 0}
  m_Enabled: 1
  m_EditorHideFlags: 0
  m_Script: {fileID: 11500000, guid: 5f7201a12d95ffc409449d95f23cf332, type: 3}
  m_Name: 
  m_EditorClassIdentifier: 
--- !u!114 &585354779 stripped
MonoBehaviour:
  m_CorrespondingSourceObject: {fileID: 21616504527086037, guid: b5c09f75bd5b1e946901fe7a3c9f1b0e, type: 3}
  m_PrefabInstance: {fileID: 1919017068}
  m_PrefabAsset: {fileID: 0}
  m_GameObject: {fileID: 0}
  m_Enabled: 1
  m_EditorHideFlags: 0
  m_Script: {fileID: 11500000, guid: 5f7201a12d95ffc409449d95f23cf332, type: 3}
  m_Name: 
  m_EditorClassIdentifier: 
--- !u!1 &614375821
GameObject:
  m_ObjectHideFlags: 0
  m_CorrespondingSourceObject: {fileID: 0}
  m_PrefabInstance: {fileID: 0}
  m_PrefabAsset: {fileID: 0}
  serializedVersion: 6
  m_Component:
  - component: {fileID: 614375823}
  - component: {fileID: 614375822}
  - component: {fileID: 614375824}
  - component: {fileID: 614375825}
  - component: {fileID: 614375826}
  m_Layer: 0
  m_Name: Managers
  m_TagString: Manager
  m_Icon: {fileID: 0}
  m_NavMeshLayer: 0
  m_StaticEditorFlags: 0
  m_IsActive: 1
--- !u!114 &614375822
MonoBehaviour:
  m_ObjectHideFlags: 0
  m_CorrespondingSourceObject: {fileID: 0}
  m_PrefabInstance: {fileID: 0}
  m_PrefabAsset: {fileID: 0}
  m_GameObject: {fileID: 614375821}
  m_Enabled: 1
  m_EditorHideFlags: 0
  m_Script: {fileID: 11500000, guid: 7140da6fa3d5b144c8c969f5345caf99, type: 3}
  m_Name: 
  m_EditorClassIdentifier: 
  m_hiyokoButton: {fileID: 657817032}
  m_niwatoriButton: {fileID: 1800269863}
  m_ukokkeiButton: {fileID: 1158781835}
  m_datyoButton: {fileID: 726520499}
  m_sisotyo: {fileID: 496154338}
  m_phoenix: {fileID: 805632784}
--- !u!4 &614375823
Transform:
  m_ObjectHideFlags: 0
  m_CorrespondingSourceObject: {fileID: 0}
  m_PrefabInstance: {fileID: 0}
  m_PrefabAsset: {fileID: 0}
  m_GameObject: {fileID: 614375821}
  m_LocalRotation: {x: 0, y: 0, z: 0, w: 1}
  m_LocalPosition: {x: -1.0132422, y: -2.0124087, z: -0.49562344}
  m_LocalScale: {x: 1, y: 1, z: 1}
  m_Children: []
  m_Father: {fileID: 0}
  m_RootOrder: 3
  m_LocalEulerAnglesHint: {x: 0, y: 0, z: 0}
--- !u!114 &614375824
MonoBehaviour:
  m_ObjectHideFlags: 0
  m_CorrespondingSourceObject: {fileID: 0}
  m_PrefabInstance: {fileID: 0}
  m_PrefabAsset: {fileID: 0}
  m_GameObject: {fileID: 614375821}
  m_Enabled: 1
  m_EditorHideFlags: 0
  m_Script: {fileID: 11500000, guid: 32bd3062aa6bab64ca100700f0735bb0, type: 3}
  m_Name: 
  m_EditorClassIdentifier: 
  m_currentEgg:
    value: 0
--- !u!114 &614375825
MonoBehaviour:
  m_ObjectHideFlags: 0
  m_CorrespondingSourceObject: {fileID: 0}
  m_PrefabInstance: {fileID: 0}
  m_PrefabAsset: {fileID: 0}
  m_GameObject: {fileID: 614375821}
  m_Enabled: 1
  m_EditorHideFlags: 0
  m_Script: {fileID: 11500000, guid: 8b1427127b6d5a04e9154ee67420a32f, type: 3}
  m_Name: 
  m_EditorClassIdentifier: 
  serializationData:
    SerializedFormat: 2
    SerializedBytes: 
    ReferencedUnityObjects: []
    SerializedBytesString: 
    Prefab: {fileID: 0}
    PrefabModificationsReferencedUnityObjects: []
    PrefabModifications: []
    SerializationNodes:
    - Name: m_hiyoko
      Entry: 7
      Data: 0|EggClicker.Facility.Hiyoko, GameCore
    - Name: m_facilityName
      Entry: 1
      Data: "\u3072\u3088\u3053"
    - Name: m_currentPossession
      Entry: 4
      Data: 0
    - Name: m_basePrice
      Entry: 4
      Data: 15
    - Name: m_baseEps
      Entry: 4
      Data: 0.2
    - Name: m_currentPrice
      Entry: 4
      Data: 0
    - Name: 
      Entry: 8
      Data: 
    - Name: m_niwatori
      Entry: 7
      Data: 1|EggClicker.Facility.Niwatori, GameCore
    - Name: m_facilityName
      Entry: 1
      Data: "\u306B\u308F\u3068\u308A"
    - Name: m_currentPossession
      Entry: 4
      Data: 0
    - Name: m_basePrice
      Entry: 4
      Data: 100
    - Name: m_baseEps
      Entry: 4
      Data: 1
    - Name: m_currentPrice
      Entry: 4
      Data: 0
    - Name: 
      Entry: 8
      Data: 
    - Name: m_ukokkei
      Entry: 7
      Data: 2|EggClicker.Facility.Ukokkei, GameCore
    - Name: m_facilityName
      Entry: 1
      Data: "\u3046\u3053\u3063\u3051\u3044"
    - Name: m_currentPossession
      Entry: 4
      Data: 0
    - Name: m_basePrice
      Entry: 4
      Data: 1100
    - Name: m_baseEps
      Entry: 4
      Data: 12
    - Name: m_currentPrice
      Entry: 4
      Data: 0
    - Name: 
      Entry: 8
      Data: 
    - Name: m_datyo
      Entry: 7
      Data: 3|EggClicker.Facility.Datyo, GameCore
    - Name: m_facilityName
      Entry: 1
      Data: "\u3060\u3061\u3087\u3046"
    - Name: m_currentPossession
      Entry: 4
      Data: 0
    - Name: m_basePrice
      Entry: 4
      Data: 12000
    - Name: m_baseEps
      Entry: 4
      Data: 66
    - Name: m_currentPrice
      Entry: 4
      Data: 0
    - Name: 
      Entry: 8
      Data: 
    - Name: m_sisotyo
      Entry: 7
      Data: 4|EggClicker.Facility.Sisotyo, GameCore
    - Name: m_facilityName
      Entry: 1
      Data: "\u3057\u305D\u3061\u3087\u3046"
    - Name: m_currentPossession
      Entry: 4
      Data: 0
    - Name: m_basePrice
      Entry: 4
      Data: 130000
    - Name: m_baseEps
      Entry: 4
      Data: 330
    - Name: m_currentPrice
      Entry: 4
      Data: 0
    - Name: 
      Entry: 8
      Data: 
    - Name: m_phoenix
      Entry: 7
      Data: 5|EggClicker.Facility.Phoenix, GameCore
    - Name: m_facilityName
      Entry: 1
      Data: "\u30D5\u30A7\u30CB\u30C3\u30AF\u30B9"
    - Name: m_currentPossession
      Entry: 4
      Data: 0
    - Name: m_basePrice
      Entry: 4
      Data: 1400000
    - Name: m_baseEps
      Entry: 4
      Data: 2000
    - Name: m_currentPrice
      Entry: 4
      Data: 0
    - Name: 
      Entry: 8
      Data: 
--- !u!114 &614375826
MonoBehaviour:
  m_ObjectHideFlags: 0
  m_CorrespondingSourceObject: {fileID: 0}
  m_PrefabInstance: {fileID: 0}
  m_PrefabAsset: {fileID: 0}
  m_GameObject: {fileID: 614375821}
  m_Enabled: 1
  m_EditorHideFlags: 0
  m_Script: {fileID: 11500000, guid: 3cbc83849aed0254ebd62ac3bf86fba9, type: 3}
  m_Name: 
  m_EditorClassIdentifier: 
  m_button1: {fileID: 657817032}
  m_button2: {fileID: 1800269863}
  m_button3: {fileID: 1158781835}
  m_button4: {fileID: 726520499}
  m_button5: {fileID: 496154338}
  m_button6: {fileID: 805632784}
--- !u!114 &657817032 stripped
MonoBehaviour:
  m_CorrespondingSourceObject: {fileID: 21616504974593758, guid: b5c09f75bd5b1e946901fe7a3c9f1b0e, type: 3}
  m_PrefabInstance: {fileID: 21616503890599787}
  m_PrefabAsset: {fileID: 0}
  m_GameObject: {fileID: 0}
  m_Enabled: 1
  m_EditorHideFlags: 0
  m_Script: {fileID: 11500000, guid: 4e29b1a8efbd4b44bb3f3716e73f07ff, type: 3}
  m_Name: 
  m_EditorClassIdentifier: 
--- !u!1 &680989369
GameObject:
  m_ObjectHideFlags: 0
  m_CorrespondingSourceObject: {fileID: 0}
  m_PrefabInstance: {fileID: 0}
  m_PrefabAsset: {fileID: 0}
  serializedVersion: 6
  m_Component:
  - component: {fileID: 680989370}
  - component: {fileID: 680989372}
  - component: {fileID: 680989371}
  - component: {fileID: 680989373}
  m_Layer: 5
  m_Name: ClickEggGroup
  m_TagString: Untagged
  m_Icon: {fileID: 0}
  m_NavMeshLayer: 0
  m_StaticEditorFlags: 0
  m_IsActive: 1
--- !u!224 &680989370
RectTransform:
  m_ObjectHideFlags: 0
  m_CorrespondingSourceObject: {fileID: 0}
  m_PrefabInstance: {fileID: 0}
  m_PrefabAsset: {fileID: 0}
  m_GameObject: {fileID: 680989369}
  m_LocalRotation: {x: 0, y: 0, z: 0, w: 1}
  m_LocalPosition: {x: 0, y: 0, z: 0}
  m_LocalScale: {x: 1, y: 1, z: 1}
  m_Children:
  - {fileID: 61685805}
  - {fileID: 327977499}
  - {fileID: 368191958}
  m_Father: {fileID: 299910929}
  m_RootOrder: 0
  m_LocalEulerAnglesHint: {x: 0, y: 0, z: 0}
  m_AnchorMin: {x: 0, y: 0}
  m_AnchorMax: {x: 0, y: 0}
  m_AnchoredPosition: {x: 0, y: 0}
  m_SizeDelta: {x: 450, y: 600}
  m_Pivot: {x: 0.5, y: 0.5}
--- !u!114 &680989371
MonoBehaviour:
  m_ObjectHideFlags: 0
  m_CorrespondingSourceObject: {fileID: 0}
  m_PrefabInstance: {fileID: 0}
  m_PrefabAsset: {fileID: 0}
  m_GameObject: {fileID: 680989369}
  m_Enabled: 1
  m_EditorHideFlags: 0
  m_Script: {fileID: 11500000, guid: fe87c0e1cc204ed48ad3b37840f39efc, type: 3}
  m_Name: 
  m_EditorClassIdentifier: 
  m_Material: {fileID: 0}
  m_Color: {r: 0.048089504, g: 1, b: 0, a: 1}
  m_RaycastTarget: 1
  m_RaycastPadding: {x: 0, y: 0, z: 0, w: 0}
  m_Maskable: 1
  m_OnCullStateChanged:
    m_PersistentCalls:
      m_Calls: []
  m_Sprite: {fileID: 0}
  m_Type: 0
  m_PreserveAspect: 0
  m_FillCenter: 1
  m_FillMethod: 4
  m_FillAmount: 1
  m_FillClockwise: 1
  m_FillOrigin: 0
  m_UseSpriteMesh: 0
  m_PixelsPerUnitMultiplier: 1
--- !u!222 &680989372
CanvasRenderer:
  m_ObjectHideFlags: 0
  m_CorrespondingSourceObject: {fileID: 0}
  m_PrefabInstance: {fileID: 0}
  m_PrefabAsset: {fileID: 0}
  m_GameObject: {fileID: 680989369}
  m_CullTransparentMesh: 1
--- !u!114 &680989373
MonoBehaviour:
  m_ObjectHideFlags: 0
  m_CorrespondingSourceObject: {fileID: 0}
  m_PrefabInstance: {fileID: 0}
  m_PrefabAsset: {fileID: 0}
  m_GameObject: {fileID: 680989369}
  m_Enabled: 1
  m_EditorHideFlags: 0
  m_Script: {fileID: 11500000, guid: 59f8146938fff824cb5fd77236b75775, type: 3}
  m_Name: 
  m_EditorClassIdentifier: 
  m_Padding:
    m_Left: 0
    m_Right: 0
    m_Top: 30
    m_Bottom: 0
  m_ChildAlignment: 0
  m_Spacing: 0
  m_ChildForceExpandWidth: 0
  m_ChildForceExpandHeight: 0
  m_ChildControlWidth: 0
  m_ChildControlHeight: 0
  m_ChildScaleWidth: 0
  m_ChildScaleHeight: 0
  m_ReverseArrangement: 0
--- !u!114 &714772377 stripped
MonoBehaviour:
  m_CorrespondingSourceObject: {fileID: 5591635618192496776, guid: b5c09f75bd5b1e946901fe7a3c9f1b0e, type: 3}
  m_PrefabInstance: {fileID: 912235799}
  m_PrefabAsset: {fileID: 0}
  m_GameObject: {fileID: 0}
  m_Enabled: 1
  m_EditorHideFlags: 0
  m_Script: {fileID: 11500000, guid: 5f7201a12d95ffc409449d95f23cf332, type: 3}
  m_Name: 
  m_EditorClassIdentifier: 
--- !u!114 &726520499 stripped
MonoBehaviour:
  m_CorrespondingSourceObject: {fileID: 21616504974593758, guid: b5c09f75bd5b1e946901fe7a3c9f1b0e, type: 3}
  m_PrefabInstance: {fileID: 1703705154}
  m_PrefabAsset: {fileID: 0}
  m_GameObject: {fileID: 0}
  m_Enabled: 1
  m_EditorHideFlags: 0
  m_Script: {fileID: 11500000, guid: 4e29b1a8efbd4b44bb3f3716e73f07ff, type: 3}
  m_Name: 
  m_EditorClassIdentifier: 
--- !u!114 &770439729 stripped
MonoBehaviour:
  m_CorrespondingSourceObject: {fileID: 21616504527086037, guid: b5c09f75bd5b1e946901fe7a3c9f1b0e, type: 3}
  m_PrefabInstance: {fileID: 1087590744}
  m_PrefabAsset: {fileID: 0}
  m_GameObject: {fileID: 0}
  m_Enabled: 1
  m_EditorHideFlags: 0
  m_Script: {fileID: 11500000, guid: 5f7201a12d95ffc409449d95f23cf332, type: 3}
  m_Name: 
  m_EditorClassIdentifier: 
--- !u!114 &805632784 stripped
MonoBehaviour:
  m_CorrespondingSourceObject: {fileID: 21616504974593758, guid: b5c09f75bd5b1e946901fe7a3c9f1b0e, type: 3}
  m_PrefabInstance: {fileID: 1087590744}
  m_PrefabAsset: {fileID: 0}
  m_GameObject: {fileID: 0}
  m_Enabled: 1
  m_EditorHideFlags: 0
  m_Script: {fileID: 11500000, guid: 4e29b1a8efbd4b44bb3f3716e73f07ff, type: 3}
  m_Name: 
  m_EditorClassIdentifier: 
--- !u!1001 &825433296
PrefabInstance:
  m_ObjectHideFlags: 0
  serializedVersion: 2
  m_Modification:
    m_TransformParent: {fileID: 527947300}
    m_Modifications:
    - target: {fileID: 21616504527086038, guid: b5c09f75bd5b1e946901fe7a3c9f1b0e, type: 3}
      propertyPath: m_AnchoredPosition.x
      value: 3.100006
      objectReference: {fileID: 0}
    - target: {fileID: 21616504527086038, guid: b5c09f75bd5b1e946901fe7a3c9f1b0e, type: 3}
      propertyPath: m_AnchoredPosition.y
      value: -4.1062927
      objectReference: {fileID: 0}
    - target: {fileID: 21616504974593752, guid: b5c09f75bd5b1e946901fe7a3c9f1b0e, type: 3}
      propertyPath: m_Name
      value: Button5
      objectReference: {fileID: 0}
    - target: {fileID: 21616504974593759, guid: b5c09f75bd5b1e946901fe7a3c9f1b0e, type: 3}
      propertyPath: m_Pivot.x
      value: 0.5
      objectReference: {fileID: 0}
    - target: {fileID: 21616504974593759, guid: b5c09f75bd5b1e946901fe7a3c9f1b0e, type: 3}
      propertyPath: m_Pivot.y
      value: 0.5
      objectReference: {fileID: 0}
    - target: {fileID: 21616504974593759, guid: b5c09f75bd5b1e946901fe7a3c9f1b0e, type: 3}
      propertyPath: m_RootOrder
      value: 5
      objectReference: {fileID: 0}
    - target: {fileID: 21616504974593759, guid: b5c09f75bd5b1e946901fe7a3c9f1b0e, type: 3}
      propertyPath: m_AnchorMax.x
      value: 0
      objectReference: {fileID: 0}
    - target: {fileID: 21616504974593759, guid: b5c09f75bd5b1e946901fe7a3c9f1b0e, type: 3}
      propertyPath: m_AnchorMax.y
      value: 0
      objectReference: {fileID: 0}
    - target: {fileID: 21616504974593759, guid: b5c09f75bd5b1e946901fe7a3c9f1b0e, type: 3}
      propertyPath: m_AnchorMin.x
      value: 0
      objectReference: {fileID: 0}
    - target: {fileID: 21616504974593759, guid: b5c09f75bd5b1e946901fe7a3c9f1b0e, type: 3}
      propertyPath: m_AnchorMin.y
      value: 0
      objectReference: {fileID: 0}
    - target: {fileID: 21616504974593759, guid: b5c09f75bd5b1e946901fe7a3c9f1b0e, type: 3}
      propertyPath: m_SizeDelta.x
      value: 350
      objectReference: {fileID: 0}
    - target: {fileID: 21616504974593759, guid: b5c09f75bd5b1e946901fe7a3c9f1b0e, type: 3}
      propertyPath: m_SizeDelta.y
      value: 95
      objectReference: {fileID: 0}
    - target: {fileID: 21616504974593759, guid: b5c09f75bd5b1e946901fe7a3c9f1b0e, type: 3}
      propertyPath: m_LocalPosition.x
      value: 0
      objectReference: {fileID: 0}
    - target: {fileID: 21616504974593759, guid: b5c09f75bd5b1e946901fe7a3c9f1b0e, type: 3}
      propertyPath: m_LocalPosition.y
      value: 0
      objectReference: {fileID: 0}
    - target: {fileID: 21616504974593759, guid: b5c09f75bd5b1e946901fe7a3c9f1b0e, type: 3}
      propertyPath: m_LocalPosition.z
      value: 0
      objectReference: {fileID: 0}
    - target: {fileID: 21616504974593759, guid: b5c09f75bd5b1e946901fe7a3c9f1b0e, type: 3}
      propertyPath: m_LocalRotation.w
      value: 1
      objectReference: {fileID: 0}
    - target: {fileID: 21616504974593759, guid: b5c09f75bd5b1e946901fe7a3c9f1b0e, type: 3}
      propertyPath: m_LocalRotation.x
      value: 0
      objectReference: {fileID: 0}
    - target: {fileID: 21616504974593759, guid: b5c09f75bd5b1e946901fe7a3c9f1b0e, type: 3}
      propertyPath: m_LocalRotation.y
      value: 0
      objectReference: {fileID: 0}
    - target: {fileID: 21616504974593759, guid: b5c09f75bd5b1e946901fe7a3c9f1b0e, type: 3}
      propertyPath: m_LocalRotation.z
      value: 0
      objectReference: {fileID: 0}
    - target: {fileID: 21616504974593759, guid: b5c09f75bd5b1e946901fe7a3c9f1b0e, type: 3}
      propertyPath: m_AnchoredPosition.x
      value: 0
      objectReference: {fileID: 0}
    - target: {fileID: 21616504974593759, guid: b5c09f75bd5b1e946901fe7a3c9f1b0e, type: 3}
      propertyPath: m_AnchoredPosition.y
      value: 0
      objectReference: {fileID: 0}
    - target: {fileID: 21616504974593759, guid: b5c09f75bd5b1e946901fe7a3c9f1b0e, type: 3}
      propertyPath: m_LocalEulerAnglesHint.x
      value: 0
      objectReference: {fileID: 0}
    - target: {fileID: 21616504974593759, guid: b5c09f75bd5b1e946901fe7a3c9f1b0e, type: 3}
      propertyPath: m_LocalEulerAnglesHint.y
      value: 0
      objectReference: {fileID: 0}
    - target: {fileID: 21616504974593759, guid: b5c09f75bd5b1e946901fe7a3c9f1b0e, type: 3}
      propertyPath: m_LocalEulerAnglesHint.z
      value: 0
      objectReference: {fileID: 0}
    - target: {fileID: 5405150128034644294, guid: b5c09f75bd5b1e946901fe7a3c9f1b0e, type: 3}
      propertyPath: serializationData.Prefab
      value: 
      objectReference: {fileID: 5405150128034644294, guid: b5c09f75bd5b1e946901fe7a3c9f1b0e, type: 3}
    - target: {fileID: 5405150128034644294, guid: b5c09f75bd5b1e946901fe7a3c9f1b0e, type: 3}
      propertyPath: serializationData.PrefabModifications.Array.size
      value: 1
      objectReference: {fileID: 0}
    - target: {fileID: 5405150128034644294, guid: b5c09f75bd5b1e946901fe7a3c9f1b0e, type: 3}
      propertyPath: serializationData.PrefabModifications.Array.data[0]
      value: '"path":"PriceText","value":$eref:0'
      objectReference: {fileID: 0}
    - target: {fileID: 5405150128034644294, guid: b5c09f75bd5b1e946901fe7a3c9f1b0e, type: 3}
      propertyPath: serializationData.PrefabModificationsReferencedUnityObjects.Array.size
      value: 1
      objectReference: {fileID: 0}
    - target: {fileID: 5405150128034644294, guid: b5c09f75bd5b1e946901fe7a3c9f1b0e, type: 3}
      propertyPath: serializationData.PrefabModificationsReferencedUnityObjects.Array.data[0]
      value: 
      objectReference: {fileID: 543266720}
    m_RemovedComponents: []
  m_SourcePrefab: {fileID: 100100000, guid: b5c09f75bd5b1e946901fe7a3c9f1b0e, type: 3}
--- !u!224 &825433297 stripped
RectTransform:
  m_CorrespondingSourceObject: {fileID: 21616504974593759, guid: b5c09f75bd5b1e946901fe7a3c9f1b0e, type: 3}
  m_PrefabInstance: {fileID: 825433296}
  m_PrefabAsset: {fileID: 0}
--- !u!1001 &912235799
PrefabInstance:
  m_ObjectHideFlags: 0
  serializedVersion: 2
  m_Modification:
    m_TransformParent: {fileID: 527947300}
    m_Modifications:
    - target: {fileID: 21616504527086038, guid: b5c09f75bd5b1e946901fe7a3c9f1b0e, type: 3}
      propertyPath: m_AnchoredPosition.x
      value: 3.100006
      objectReference: {fileID: 0}
    - target: {fileID: 21616504527086038, guid: b5c09f75bd5b1e946901fe7a3c9f1b0e, type: 3}
      propertyPath: m_AnchoredPosition.y
      value: -4.1062927
      objectReference: {fileID: 0}
    - target: {fileID: 21616504974593752, guid: b5c09f75bd5b1e946901fe7a3c9f1b0e, type: 3}
      propertyPath: m_Name
      value: Button3
      objectReference: {fileID: 0}
    - target: {fileID: 21616504974593759, guid: b5c09f75bd5b1e946901fe7a3c9f1b0e, type: 3}
      propertyPath: m_Pivot.x
      value: 0.5
      objectReference: {fileID: 0}
    - target: {fileID: 21616504974593759, guid: b5c09f75bd5b1e946901fe7a3c9f1b0e, type: 3}
      propertyPath: m_Pivot.y
      value: 0.5
      objectReference: {fileID: 0}
    - target: {fileID: 21616504974593759, guid: b5c09f75bd5b1e946901fe7a3c9f1b0e, type: 3}
      propertyPath: m_RootOrder
      value: 3
      objectReference: {fileID: 0}
    - target: {fileID: 21616504974593759, guid: b5c09f75bd5b1e946901fe7a3c9f1b0e, type: 3}
      propertyPath: m_AnchorMax.x
      value: 0
      objectReference: {fileID: 0}
    - target: {fileID: 21616504974593759, guid: b5c09f75bd5b1e946901fe7a3c9f1b0e, type: 3}
      propertyPath: m_AnchorMax.y
      value: 0
      objectReference: {fileID: 0}
    - target: {fileID: 21616504974593759, guid: b5c09f75bd5b1e946901fe7a3c9f1b0e, type: 3}
      propertyPath: m_AnchorMin.x
      value: 0
      objectReference: {fileID: 0}
    - target: {fileID: 21616504974593759, guid: b5c09f75bd5b1e946901fe7a3c9f1b0e, type: 3}
      propertyPath: m_AnchorMin.y
      value: 0
      objectReference: {fileID: 0}
    - target: {fileID: 21616504974593759, guid: b5c09f75bd5b1e946901fe7a3c9f1b0e, type: 3}
      propertyPath: m_SizeDelta.x
      value: 350
      objectReference: {fileID: 0}
    - target: {fileID: 21616504974593759, guid: b5c09f75bd5b1e946901fe7a3c9f1b0e, type: 3}
      propertyPath: m_SizeDelta.y
      value: 95
      objectReference: {fileID: 0}
    - target: {fileID: 21616504974593759, guid: b5c09f75bd5b1e946901fe7a3c9f1b0e, type: 3}
      propertyPath: m_LocalPosition.x
      value: 0
      objectReference: {fileID: 0}
    - target: {fileID: 21616504974593759, guid: b5c09f75bd5b1e946901fe7a3c9f1b0e, type: 3}
      propertyPath: m_LocalPosition.y
      value: 0
      objectReference: {fileID: 0}
    - target: {fileID: 21616504974593759, guid: b5c09f75bd5b1e946901fe7a3c9f1b0e, type: 3}
      propertyPath: m_LocalPosition.z
      value: 0
      objectReference: {fileID: 0}
    - target: {fileID: 21616504974593759, guid: b5c09f75bd5b1e946901fe7a3c9f1b0e, type: 3}
      propertyPath: m_LocalRotation.w
      value: 1
      objectReference: {fileID: 0}
    - target: {fileID: 21616504974593759, guid: b5c09f75bd5b1e946901fe7a3c9f1b0e, type: 3}
      propertyPath: m_LocalRotation.x
      value: 0
      objectReference: {fileID: 0}
    - target: {fileID: 21616504974593759, guid: b5c09f75bd5b1e946901fe7a3c9f1b0e, type: 3}
      propertyPath: m_LocalRotation.y
      value: 0
      objectReference: {fileID: 0}
    - target: {fileID: 21616504974593759, guid: b5c09f75bd5b1e946901fe7a3c9f1b0e, type: 3}
      propertyPath: m_LocalRotation.z
      value: 0
      objectReference: {fileID: 0}
    - target: {fileID: 21616504974593759, guid: b5c09f75bd5b1e946901fe7a3c9f1b0e, type: 3}
      propertyPath: m_AnchoredPosition.x
      value: 0
      objectReference: {fileID: 0}
    - target: {fileID: 21616504974593759, guid: b5c09f75bd5b1e946901fe7a3c9f1b0e, type: 3}
      propertyPath: m_AnchoredPosition.y
      value: 0
      objectReference: {fileID: 0}
    - target: {fileID: 21616504974593759, guid: b5c09f75bd5b1e946901fe7a3c9f1b0e, type: 3}
      propertyPath: m_LocalEulerAnglesHint.x
      value: 0
      objectReference: {fileID: 0}
    - target: {fileID: 21616504974593759, guid: b5c09f75bd5b1e946901fe7a3c9f1b0e, type: 3}
      propertyPath: m_LocalEulerAnglesHint.y
      value: 0
      objectReference: {fileID: 0}
    - target: {fileID: 21616504974593759, guid: b5c09f75bd5b1e946901fe7a3c9f1b0e, type: 3}
      propertyPath: m_LocalEulerAnglesHint.z
      value: 0
      objectReference: {fileID: 0}
    - target: {fileID: 5405150128034644294, guid: b5c09f75bd5b1e946901fe7a3c9f1b0e, type: 3}
      propertyPath: serializationData.Prefab
      value: 
      objectReference: {fileID: 5405150128034644294, guid: b5c09f75bd5b1e946901fe7a3c9f1b0e, type: 3}
    - target: {fileID: 5405150128034644294, guid: b5c09f75bd5b1e946901fe7a3c9f1b0e, type: 3}
      propertyPath: serializationData.PrefabModifications.Array.size
      value: 3
      objectReference: {fileID: 0}
    - target: {fileID: 5405150128034644294, guid: b5c09f75bd5b1e946901fe7a3c9f1b0e, type: 3}
      propertyPath: serializationData.PrefabModifications.Array.data[0]
      value: '"path":"FacilityNameText","value":$eref:0'
      objectReference: {fileID: 0}
    - target: {fileID: 5405150128034644294, guid: b5c09f75bd5b1e946901fe7a3c9f1b0e, type: 3}
      propertyPath: serializationData.PrefabModifications.Array.data[1]
      value: '"path":"PossessText","value":$eref:1'
      objectReference: {fileID: 0}
    - target: {fileID: 5405150128034644294, guid: b5c09f75bd5b1e946901fe7a3c9f1b0e, type: 3}
      propertyPath: serializationData.PrefabModifications.Array.data[2]
      value: '"path":"PriceText","value":$eref:2'
      objectReference: {fileID: 0}
    - target: {fileID: 5405150128034644294, guid: b5c09f75bd5b1e946901fe7a3c9f1b0e, type: 3}
      propertyPath: serializationData.PrefabModificationsReferencedUnityObjects.Array.size
      value: 3
      objectReference: {fileID: 0}
    - target: {fileID: 5405150128034644294, guid: b5c09f75bd5b1e946901fe7a3c9f1b0e, type: 3}
      propertyPath: serializationData.PrefabModificationsReferencedUnityObjects.Array.data[0]
      value: 
      objectReference: {fileID: 1957451801}
    - target: {fileID: 5405150128034644294, guid: b5c09f75bd5b1e946901fe7a3c9f1b0e, type: 3}
      propertyPath: serializationData.PrefabModificationsReferencedUnityObjects.Array.data[1]
      value: 
      objectReference: {fileID: 1222473003}
    - target: {fileID: 5405150128034644294, guid: b5c09f75bd5b1e946901fe7a3c9f1b0e, type: 3}
      propertyPath: serializationData.PrefabModificationsReferencedUnityObjects.Array.data[2]
      value: 
      objectReference: {fileID: 714772377}
    m_RemovedComponents: []
  m_SourcePrefab: {fileID: 100100000, guid: b5c09f75bd5b1e946901fe7a3c9f1b0e, type: 3}
--- !u!224 &912235800 stripped
RectTransform:
  m_CorrespondingSourceObject: {fileID: 21616504974593759, guid: b5c09f75bd5b1e946901fe7a3c9f1b0e, type: 3}
  m_PrefabInstance: {fileID: 912235799}
  m_PrefabAsset: {fileID: 0}
--- !u!1 &999710400
GameObject:
  m_ObjectHideFlags: 0
  m_CorrespondingSourceObject: {fileID: 0}
  m_PrefabInstance: {fileID: 0}
  m_PrefabAsset: {fileID: 0}
  serializedVersion: 6
  m_Component:
  - component: {fileID: 999710403}
  - component: {fileID: 999710402}
  - component: {fileID: 999710401}
  m_Layer: 0
  m_Name: EventSystem
  m_TagString: Untagged
  m_Icon: {fileID: 0}
  m_NavMeshLayer: 0
  m_StaticEditorFlags: 0
  m_IsActive: 1
--- !u!114 &999710401
MonoBehaviour:
  m_ObjectHideFlags: 0
  m_CorrespondingSourceObject: {fileID: 0}
  m_PrefabInstance: {fileID: 0}
  m_PrefabAsset: {fileID: 0}
  m_GameObject: {fileID: 999710400}
  m_Enabled: 1
  m_EditorHideFlags: 0
  m_Script: {fileID: 11500000, guid: 4f231c4fb786f3946a6b90b886c48677, type: 3}
  m_Name: 
  m_EditorClassIdentifier: 
  m_HorizontalAxis: Horizontal
  m_VerticalAxis: Vertical
  m_SubmitButton: Submit
  m_CancelButton: Cancel
  m_InputActionsPerSecond: 10
  m_RepeatDelay: 0.5
  m_ForceModuleActive: 0
--- !u!114 &999710402
MonoBehaviour:
  m_ObjectHideFlags: 0
  m_CorrespondingSourceObject: {fileID: 0}
  m_PrefabInstance: {fileID: 0}
  m_PrefabAsset: {fileID: 0}
  m_GameObject: {fileID: 999710400}
  m_Enabled: 1
  m_EditorHideFlags: 0
  m_Script: {fileID: 11500000, guid: 76c392e42b5098c458856cdf6ecaaaa1, type: 3}
  m_Name: 
  m_EditorClassIdentifier: 
  m_FirstSelected: {fileID: 0}
  m_sendNavigationEvents: 1
  m_DragThreshold: 10
--- !u!4 &999710403
Transform:
  m_ObjectHideFlags: 0
  m_CorrespondingSourceObject: {fileID: 0}
  m_PrefabInstance: {fileID: 0}
  m_PrefabAsset: {fileID: 0}
  m_GameObject: {fileID: 999710400}
  m_LocalRotation: {x: 0, y: 0, z: 0, w: 1}
  m_LocalPosition: {x: 0, y: 0, z: 0}
  m_LocalScale: {x: 1, y: 1, z: 1}
  m_Children: []
  m_Father: {fileID: 0}
  m_RootOrder: 2
  m_LocalEulerAnglesHint: {x: 0, y: 0, z: 0}
--- !u!114 &1053632859 stripped
MonoBehaviour:
  m_CorrespondingSourceObject: {fileID: 4181511887391147444, guid: b5c09f75bd5b1e946901fe7a3c9f1b0e, type: 3}
  m_PrefabInstance: {fileID: 1087590744}
  m_PrefabAsset: {fileID: 0}
  m_GameObject: {fileID: 0}
  m_Enabled: 1
  m_EditorHideFlags: 0
  m_Script: {fileID: 11500000, guid: 5f7201a12d95ffc409449d95f23cf332, type: 3}
  m_Name: 
  m_EditorClassIdentifier: 
--- !u!1001 &1087590744
PrefabInstance:
  m_ObjectHideFlags: 0
  serializedVersion: 2
  m_Modification:
    m_TransformParent: {fileID: 527947300}
    m_Modifications:
    - target: {fileID: 21616504527086038, guid: b5c09f75bd5b1e946901fe7a3c9f1b0e, type: 3}
      propertyPath: m_AnchoredPosition.x
      value: 3.100006
      objectReference: {fileID: 0}
    - target: {fileID: 21616504527086038, guid: b5c09f75bd5b1e946901fe7a3c9f1b0e, type: 3}
      propertyPath: m_AnchoredPosition.y
      value: -4.1062927
      objectReference: {fileID: 0}
    - target: {fileID: 21616504974593752, guid: b5c09f75bd5b1e946901fe7a3c9f1b0e, type: 3}
      propertyPath: m_Name
      value: Button6
      objectReference: {fileID: 0}
    - target: {fileID: 21616504974593759, guid: b5c09f75bd5b1e946901fe7a3c9f1b0e, type: 3}
      propertyPath: m_Pivot.x
      value: 0.5
      objectReference: {fileID: 0}
    - target: {fileID: 21616504974593759, guid: b5c09f75bd5b1e946901fe7a3c9f1b0e, type: 3}
      propertyPath: m_Pivot.y
      value: 0.5
      objectReference: {fileID: 0}
    - target: {fileID: 21616504974593759, guid: b5c09f75bd5b1e946901fe7a3c9f1b0e, type: 3}
      propertyPath: m_RootOrder
      value: 6
      objectReference: {fileID: 0}
    - target: {fileID: 21616504974593759, guid: b5c09f75bd5b1e946901fe7a3c9f1b0e, type: 3}
      propertyPath: m_AnchorMax.x
      value: 0
      objectReference: {fileID: 0}
    - target: {fileID: 21616504974593759, guid: b5c09f75bd5b1e946901fe7a3c9f1b0e, type: 3}
      propertyPath: m_AnchorMax.y
      value: 0
      objectReference: {fileID: 0}
    - target: {fileID: 21616504974593759, guid: b5c09f75bd5b1e946901fe7a3c9f1b0e, type: 3}
      propertyPath: m_AnchorMin.x
      value: 0
      objectReference: {fileID: 0}
    - target: {fileID: 21616504974593759, guid: b5c09f75bd5b1e946901fe7a3c9f1b0e, type: 3}
      propertyPath: m_AnchorMin.y
      value: 0
      objectReference: {fileID: 0}
    - target: {fileID: 21616504974593759, guid: b5c09f75bd5b1e946901fe7a3c9f1b0e, type: 3}
      propertyPath: m_SizeDelta.x
      value: 350
      objectReference: {fileID: 0}
    - target: {fileID: 21616504974593759, guid: b5c09f75bd5b1e946901fe7a3c9f1b0e, type: 3}
      propertyPath: m_SizeDelta.y
      value: 95
      objectReference: {fileID: 0}
    - target: {fileID: 21616504974593759, guid: b5c09f75bd5b1e946901fe7a3c9f1b0e, type: 3}
      propertyPath: m_LocalPosition.x
      value: 0
      objectReference: {fileID: 0}
    - target: {fileID: 21616504974593759, guid: b5c09f75bd5b1e946901fe7a3c9f1b0e, type: 3}
      propertyPath: m_LocalPosition.y
      value: 0
      objectReference: {fileID: 0}
    - target: {fileID: 21616504974593759, guid: b5c09f75bd5b1e946901fe7a3c9f1b0e, type: 3}
      propertyPath: m_LocalPosition.z
      value: 0
      objectReference: {fileID: 0}
    - target: {fileID: 21616504974593759, guid: b5c09f75bd5b1e946901fe7a3c9f1b0e, type: 3}
      propertyPath: m_LocalRotation.w
      value: 1
      objectReference: {fileID: 0}
    - target: {fileID: 21616504974593759, guid: b5c09f75bd5b1e946901fe7a3c9f1b0e, type: 3}
      propertyPath: m_LocalRotation.x
      value: 0
      objectReference: {fileID: 0}
    - target: {fileID: 21616504974593759, guid: b5c09f75bd5b1e946901fe7a3c9f1b0e, type: 3}
      propertyPath: m_LocalRotation.y
      value: 0
      objectReference: {fileID: 0}
    - target: {fileID: 21616504974593759, guid: b5c09f75bd5b1e946901fe7a3c9f1b0e, type: 3}
      propertyPath: m_LocalRotation.z
      value: 0
      objectReference: {fileID: 0}
    - target: {fileID: 21616504974593759, guid: b5c09f75bd5b1e946901fe7a3c9f1b0e, type: 3}
      propertyPath: m_AnchoredPosition.x
      value: 0
      objectReference: {fileID: 0}
    - target: {fileID: 21616504974593759, guid: b5c09f75bd5b1e946901fe7a3c9f1b0e, type: 3}
      propertyPath: m_AnchoredPosition.y
      value: 0
      objectReference: {fileID: 0}
    - target: {fileID: 21616504974593759, guid: b5c09f75bd5b1e946901fe7a3c9f1b0e, type: 3}
      propertyPath: m_LocalEulerAnglesHint.x
      value: 0
      objectReference: {fileID: 0}
    - target: {fileID: 21616504974593759, guid: b5c09f75bd5b1e946901fe7a3c9f1b0e, type: 3}
      propertyPath: m_LocalEulerAnglesHint.y
      value: 0
      objectReference: {fileID: 0}
    - target: {fileID: 21616504974593759, guid: b5c09f75bd5b1e946901fe7a3c9f1b0e, type: 3}
      propertyPath: m_LocalEulerAnglesHint.z
      value: 0
      objectReference: {fileID: 0}
    - target: {fileID: 5405150128034644294, guid: b5c09f75bd5b1e946901fe7a3c9f1b0e, type: 3}
      propertyPath: serializationData.Prefab
      value: 
      objectReference: {fileID: 5405150128034644294, guid: b5c09f75bd5b1e946901fe7a3c9f1b0e, type: 3}
    - target: {fileID: 5405150128034644294, guid: b5c09f75bd5b1e946901fe7a3c9f1b0e, type: 3}
      propertyPath: serializationData.PrefabModifications.Array.size
      value: 3
      objectReference: {fileID: 0}
    - target: {fileID: 5405150128034644294, guid: b5c09f75bd5b1e946901fe7a3c9f1b0e, type: 3}
      propertyPath: serializationData.PrefabModifications.Array.data[0]
      value: '"path":"FacilityNameText","value":$eref:0'
      objectReference: {fileID: 0}
    - target: {fileID: 5405150128034644294, guid: b5c09f75bd5b1e946901fe7a3c9f1b0e, type: 3}
      propertyPath: serializationData.PrefabModifications.Array.data[1]
      value: '"path":"PossessText","value":$eref:1'
      objectReference: {fileID: 0}
    - target: {fileID: 5405150128034644294, guid: b5c09f75bd5b1e946901fe7a3c9f1b0e, type: 3}
      propertyPath: serializationData.PrefabModifications.Array.data[2]
      value: '"path":"PriceText","value":$eref:2'
      objectReference: {fileID: 0}
    - target: {fileID: 5405150128034644294, guid: b5c09f75bd5b1e946901fe7a3c9f1b0e, type: 3}
      propertyPath: serializationData.PrefabModificationsReferencedUnityObjects.Array.size
      value: 3
      objectReference: {fileID: 0}
    - target: {fileID: 5405150128034644294, guid: b5c09f75bd5b1e946901fe7a3c9f1b0e, type: 3}
      propertyPath: serializationData.PrefabModificationsReferencedUnityObjects.Array.data[0]
      value: 
      objectReference: {fileID: 770439729}
    - target: {fileID: 5405150128034644294, guid: b5c09f75bd5b1e946901fe7a3c9f1b0e, type: 3}
      propertyPath: serializationData.PrefabModificationsReferencedUnityObjects.Array.data[1]
      value: 
      objectReference: {fileID: 1053632859}
    - target: {fileID: 5405150128034644294, guid: b5c09f75bd5b1e946901fe7a3c9f1b0e, type: 3}
      propertyPath: serializationData.PrefabModificationsReferencedUnityObjects.Array.data[2]
      value: 
      objectReference: {fileID: 80988276}
    m_RemovedComponents: []
  m_SourcePrefab: {fileID: 100100000, guid: b5c09f75bd5b1e946901fe7a3c9f1b0e, type: 3}
--- !u!224 &1087590745 stripped
RectTransform:
  m_CorrespondingSourceObject: {fileID: 21616504974593759, guid: b5c09f75bd5b1e946901fe7a3c9f1b0e, type: 3}
  m_PrefabInstance: {fileID: 1087590744}
  m_PrefabAsset: {fileID: 0}
--- !u!114 &1158781835 stripped
MonoBehaviour:
  m_CorrespondingSourceObject: {fileID: 21616504974593758, guid: b5c09f75bd5b1e946901fe7a3c9f1b0e, type: 3}
  m_PrefabInstance: {fileID: 912235799}
  m_PrefabAsset: {fileID: 0}
  m_GameObject: {fileID: 0}
  m_Enabled: 1
  m_EditorHideFlags: 0
  m_Script: {fileID: 11500000, guid: 4e29b1a8efbd4b44bb3f3716e73f07ff, type: 3}
  m_Name: 
  m_EditorClassIdentifier: 
--- !u!1 &1178211662
GameObject:
  m_ObjectHideFlags: 0
  m_CorrespondingSourceObject: {fileID: 0}
  m_PrefabInstance: {fileID: 0}
  m_PrefabAsset: {fileID: 0}
  serializedVersion: 6
  m_Component:
  - component: {fileID: 1178211663}
  - component: {fileID: 1178211666}
  - component: {fileID: 1178211665}
  - component: {fileID: 1178211664}
  m_Layer: 5
  m_Name: Text
  m_TagString: Untagged
  m_Icon: {fileID: 0}
  m_NavMeshLayer: 0
  m_StaticEditorFlags: 0
  m_IsActive: 1
--- !u!224 &1178211663
RectTransform:
  m_ObjectHideFlags: 0
  m_CorrespondingSourceObject: {fileID: 0}
  m_PrefabInstance: {fileID: 0}
  m_PrefabAsset: {fileID: 0}
  m_GameObject: {fileID: 1178211662}
  m_LocalRotation: {x: -0, y: -0, z: -0, w: 1}
  m_LocalPosition: {x: 0, y: 0, z: 0}
  m_LocalScale: {x: 1, y: 1, z: 1}
  m_Children: []
  m_Father: {fileID: 1866998044}
  m_RootOrder: 0
  m_LocalEulerAnglesHint: {x: 0, y: 0, z: 0}
  m_AnchorMin: {x: 0, y: 0}
  m_AnchorMax: {x: 0, y: 0}
  m_AnchoredPosition: {x: 0, y: 0}
  m_SizeDelta: {x: 350, y: 30}
  m_Pivot: {x: 0.5, y: 0.5}
--- !u!114 &1178211664
MonoBehaviour:
  m_ObjectHideFlags: 0
  m_CorrespondingSourceObject: {fileID: 0}
  m_PrefabInstance: {fileID: 0}
  m_PrefabAsset: {fileID: 0}
  m_GameObject: {fileID: 1178211662}
  m_Enabled: 1
  m_EditorHideFlags: 0
  m_Script: {fileID: 11500000, guid: 306cc8c2b49d7114eaa3623786fc2126, type: 3}
  m_Name: 
  m_EditorClassIdentifier: 
  m_IgnoreLayout: 0
  m_MinWidth: -1
  m_MinHeight: -1
  m_PreferredWidth: -1
  m_PreferredHeight: -1
  m_FlexibleWidth: -1
  m_FlexibleHeight: -1
  m_LayoutPriority: 1
--- !u!114 &1178211665
MonoBehaviour:
  m_ObjectHideFlags: 0
  m_CorrespondingSourceObject: {fileID: 0}
  m_PrefabInstance: {fileID: 0}
  m_PrefabAsset: {fileID: 0}
  m_GameObject: {fileID: 1178211662}
  m_Enabled: 1
  m_EditorHideFlags: 0
  m_Script: {fileID: 11500000, guid: 5f7201a12d95ffc409449d95f23cf332, type: 3}
  m_Name: 
  m_EditorClassIdentifier: 
  m_Material: {fileID: 0}
  m_Color: {r: 1, g: 1, b: 1, a: 1}
  m_RaycastTarget: 1
  m_RaycastPadding: {x: 0, y: 0, z: 0, w: 0}
  m_Maskable: 1
  m_OnCullStateChanged:
    m_PersistentCalls:
      m_Calls: []
  m_FontData:
    m_Font: {fileID: 10102, guid: 0000000000000000e000000000000000, type: 0}
    m_FontSize: 20
    m_FontStyle: 1
    m_BestFit: 0
    m_MinSize: 0
    m_MaxSize: 40
    m_Alignment: 4
    m_AlignByGeometry: 0
    m_RichText: 1
    m_HorizontalOverflow: 0
    m_VerticalOverflow: 0
    m_LineSpacing: 1
  m_Text: 'SHOP

'
--- !u!222 &1178211666
CanvasRenderer:
  m_ObjectHideFlags: 0
  m_CorrespondingSourceObject: {fileID: 0}
  m_PrefabInstance: {fileID: 0}
  m_PrefabAsset: {fileID: 0}
  m_GameObject: {fileID: 1178211662}
  m_CullTransparentMesh: 1
--- !u!224 &1206161844 stripped
RectTransform:
  m_CorrespondingSourceObject: {fileID: 21616504974593759, guid: b5c09f75bd5b1e946901fe7a3c9f1b0e, type: 3}
  m_PrefabInstance: {fileID: 21616503890599787}
  m_PrefabAsset: {fileID: 0}
--- !u!114 &1222473003 stripped
MonoBehaviour:
  m_CorrespondingSourceObject: {fileID: 4181511887391147444, guid: b5c09f75bd5b1e946901fe7a3c9f1b0e, type: 3}
  m_PrefabInstance: {fileID: 912235799}
  m_PrefabAsset: {fileID: 0}
  m_GameObject: {fileID: 0}
  m_Enabled: 1
  m_EditorHideFlags: 0
  m_Script: {fileID: 11500000, guid: 5f7201a12d95ffc409449d95f23cf332, type: 3}
  m_Name: 
  m_EditorClassIdentifier: 
--- !u!114 &1381452597 stripped
MonoBehaviour:
  m_CorrespondingSourceObject: {fileID: 4181511887391147444, guid: b5c09f75bd5b1e946901fe7a3c9f1b0e, type: 3}
  m_PrefabInstance: {fileID: 1703705154}
  m_PrefabAsset: {fileID: 0}
  m_GameObject: {fileID: 0}
  m_Enabled: 1
  m_EditorHideFlags: 0
  m_Script: {fileID: 11500000, guid: 5f7201a12d95ffc409449d95f23cf332, type: 3}
  m_Name: 
  m_EditorClassIdentifier: 
--- !u!114 &1482715531 stripped
MonoBehaviour:
  m_CorrespondingSourceObject: {fileID: 4181511887391147444, guid: b5c09f75bd5b1e946901fe7a3c9f1b0e, type: 3}
  m_PrefabInstance: {fileID: 1919017068}
  m_PrefabAsset: {fileID: 0}
  m_GameObject: {fileID: 0}
  m_Enabled: 1
  m_EditorHideFlags: 0
  m_Script: {fileID: 11500000, guid: 5f7201a12d95ffc409449d95f23cf332, type: 3}
  m_Name: 
  m_EditorClassIdentifier: 
--- !u!114 &1618127790 stripped
MonoBehaviour:
  m_CorrespondingSourceObject: {fileID: 5591635618192496776, guid: b5c09f75bd5b1e946901fe7a3c9f1b0e, type: 3}
  m_PrefabInstance: {fileID: 1919017068}
  m_PrefabAsset: {fileID: 0}
  m_GameObject: {fileID: 0}
  m_Enabled: 1
  m_EditorHideFlags: 0
  m_Script: {fileID: 11500000, guid: 5f7201a12d95ffc409449d95f23cf332, type: 3}
  m_Name: 
  m_EditorClassIdentifier: 
--- !u!1001 &1703705154
PrefabInstance:
  m_ObjectHideFlags: 0
  serializedVersion: 2
  m_Modification:
    m_TransformParent: {fileID: 527947300}
    m_Modifications:
    - target: {fileID: 21616504527086038, guid: b5c09f75bd5b1e946901fe7a3c9f1b0e, type: 3}
      propertyPath: m_AnchoredPosition.x
      value: 3.100006
      objectReference: {fileID: 0}
    - target: {fileID: 21616504527086038, guid: b5c09f75bd5b1e946901fe7a3c9f1b0e, type: 3}
      propertyPath: m_AnchoredPosition.y
      value: -4.1062927
      objectReference: {fileID: 0}
    - target: {fileID: 21616504974593752, guid: b5c09f75bd5b1e946901fe7a3c9f1b0e, type: 3}
      propertyPath: m_Name
      value: Button4
      objectReference: {fileID: 0}
    - target: {fileID: 21616504974593759, guid: b5c09f75bd5b1e946901fe7a3c9f1b0e, type: 3}
      propertyPath: m_Pivot.x
      value: 0.5
      objectReference: {fileID: 0}
    - target: {fileID: 21616504974593759, guid: b5c09f75bd5b1e946901fe7a3c9f1b0e, type: 3}
      propertyPath: m_Pivot.y
      value: 0.5
      objectReference: {fileID: 0}
    - target: {fileID: 21616504974593759, guid: b5c09f75bd5b1e946901fe7a3c9f1b0e, type: 3}
      propertyPath: m_RootOrder
      value: 4
      objectReference: {fileID: 0}
    - target: {fileID: 21616504974593759, guid: b5c09f75bd5b1e946901fe7a3c9f1b0e, type: 3}
      propertyPath: m_AnchorMax.x
      value: 0
      objectReference: {fileID: 0}
    - target: {fileID: 21616504974593759, guid: b5c09f75bd5b1e946901fe7a3c9f1b0e, type: 3}
      propertyPath: m_AnchorMax.y
      value: 0
      objectReference: {fileID: 0}
    - target: {fileID: 21616504974593759, guid: b5c09f75bd5b1e946901fe7a3c9f1b0e, type: 3}
      propertyPath: m_AnchorMin.x
      value: 0
      objectReference: {fileID: 0}
    - target: {fileID: 21616504974593759, guid: b5c09f75bd5b1e946901fe7a3c9f1b0e, type: 3}
      propertyPath: m_AnchorMin.y
      value: 0
      objectReference: {fileID: 0}
    - target: {fileID: 21616504974593759, guid: b5c09f75bd5b1e946901fe7a3c9f1b0e, type: 3}
      propertyPath: m_SizeDelta.x
      value: 350
      objectReference: {fileID: 0}
    - target: {fileID: 21616504974593759, guid: b5c09f75bd5b1e946901fe7a3c9f1b0e, type: 3}
      propertyPath: m_SizeDelta.y
      value: 95
      objectReference: {fileID: 0}
    - target: {fileID: 21616504974593759, guid: b5c09f75bd5b1e946901fe7a3c9f1b0e, type: 3}
      propertyPath: m_LocalPosition.x
      value: 0
      objectReference: {fileID: 0}
    - target: {fileID: 21616504974593759, guid: b5c09f75bd5b1e946901fe7a3c9f1b0e, type: 3}
      propertyPath: m_LocalPosition.y
      value: 0
      objectReference: {fileID: 0}
    - target: {fileID: 21616504974593759, guid: b5c09f75bd5b1e946901fe7a3c9f1b0e, type: 3}
      propertyPath: m_LocalPosition.z
      value: 0
      objectReference: {fileID: 0}
    - target: {fileID: 21616504974593759, guid: b5c09f75bd5b1e946901fe7a3c9f1b0e, type: 3}
      propertyPath: m_LocalRotation.w
      value: 1
      objectReference: {fileID: 0}
    - target: {fileID: 21616504974593759, guid: b5c09f75bd5b1e946901fe7a3c9f1b0e, type: 3}
      propertyPath: m_LocalRotation.x
      value: 0
      objectReference: {fileID: 0}
    - target: {fileID: 21616504974593759, guid: b5c09f75bd5b1e946901fe7a3c9f1b0e, type: 3}
      propertyPath: m_LocalRotation.y
      value: 0
      objectReference: {fileID: 0}
    - target: {fileID: 21616504974593759, guid: b5c09f75bd5b1e946901fe7a3c9f1b0e, type: 3}
      propertyPath: m_LocalRotation.z
      value: 0
      objectReference: {fileID: 0}
    - target: {fileID: 21616504974593759, guid: b5c09f75bd5b1e946901fe7a3c9f1b0e, type: 3}
      propertyPath: m_AnchoredPosition.x
      value: 0
      objectReference: {fileID: 0}
    - target: {fileID: 21616504974593759, guid: b5c09f75bd5b1e946901fe7a3c9f1b0e, type: 3}
      propertyPath: m_AnchoredPosition.y
      value: 0
      objectReference: {fileID: 0}
    - target: {fileID: 21616504974593759, guid: b5c09f75bd5b1e946901fe7a3c9f1b0e, type: 3}
      propertyPath: m_LocalEulerAnglesHint.x
      value: 0
      objectReference: {fileID: 0}
    - target: {fileID: 21616504974593759, guid: b5c09f75bd5b1e946901fe7a3c9f1b0e, type: 3}
      propertyPath: m_LocalEulerAnglesHint.y
      value: 0
      objectReference: {fileID: 0}
    - target: {fileID: 21616504974593759, guid: b5c09f75bd5b1e946901fe7a3c9f1b0e, type: 3}
      propertyPath: m_LocalEulerAnglesHint.z
      value: 0
      objectReference: {fileID: 0}
    - target: {fileID: 5405150128034644294, guid: b5c09f75bd5b1e946901fe7a3c9f1b0e, type: 3}
      propertyPath: serializationData.Prefab
      value: 
      objectReference: {fileID: 5405150128034644294, guid: b5c09f75bd5b1e946901fe7a3c9f1b0e, type: 3}
    - target: {fileID: 5405150128034644294, guid: b5c09f75bd5b1e946901fe7a3c9f1b0e, type: 3}
      propertyPath: serializationData.PrefabModifications.Array.size
      value: 3
      objectReference: {fileID: 0}
    - target: {fileID: 5405150128034644294, guid: b5c09f75bd5b1e946901fe7a3c9f1b0e, type: 3}
      propertyPath: serializationData.PrefabModifications.Array.data[0]
      value: '"path":"FacilityNameText","value":$eref:0'
      objectReference: {fileID: 0}
    - target: {fileID: 5405150128034644294, guid: b5c09f75bd5b1e946901fe7a3c9f1b0e, type: 3}
      propertyPath: serializationData.PrefabModifications.Array.data[1]
      value: '"path":"PossessText","value":$eref:1'
      objectReference: {fileID: 0}
    - target: {fileID: 5405150128034644294, guid: b5c09f75bd5b1e946901fe7a3c9f1b0e, type: 3}
      propertyPath: serializationData.PrefabModifications.Array.data[2]
      value: '"path":"PriceText","value":$eref:2'
      objectReference: {fileID: 0}
    - target: {fileID: 5405150128034644294, guid: b5c09f75bd5b1e946901fe7a3c9f1b0e, type: 3}
      propertyPath: serializationData.PrefabModificationsReferencedUnityObjects.Array.size
      value: 3
      objectReference: {fileID: 0}
    - target: {fileID: 5405150128034644294, guid: b5c09f75bd5b1e946901fe7a3c9f1b0e, type: 3}
      propertyPath: serializationData.PrefabModificationsReferencedUnityObjects.Array.data[0]
      value: 
      objectReference: {fileID: 1714067491}
    - target: {fileID: 5405150128034644294, guid: b5c09f75bd5b1e946901fe7a3c9f1b0e, type: 3}
      propertyPath: serializationData.PrefabModificationsReferencedUnityObjects.Array.data[1]
      value: 
      objectReference: {fileID: 1381452597}
    - target: {fileID: 5405150128034644294, guid: b5c09f75bd5b1e946901fe7a3c9f1b0e, type: 3}
      propertyPath: serializationData.PrefabModificationsReferencedUnityObjects.Array.data[2]
      value: 
      objectReference: {fileID: 584037099}
    m_RemovedComponents: []
  m_SourcePrefab: {fileID: 100100000, guid: b5c09f75bd5b1e946901fe7a3c9f1b0e, type: 3}
--- !u!224 &1703705155 stripped
RectTransform:
  m_CorrespondingSourceObject: {fileID: 21616504974593759, guid: b5c09f75bd5b1e946901fe7a3c9f1b0e, type: 3}
  m_PrefabInstance: {fileID: 1703705154}
  m_PrefabAsset: {fileID: 0}
--- !u!114 &1714067491 stripped
MonoBehaviour:
  m_CorrespondingSourceObject: {fileID: 21616504527086037, guid: b5c09f75bd5b1e946901fe7a3c9f1b0e, type: 3}
  m_PrefabInstance: {fileID: 1703705154}
  m_PrefabAsset: {fileID: 0}
  m_GameObject: {fileID: 0}
  m_Enabled: 1
  m_EditorHideFlags: 0
  m_Script: {fileID: 11500000, guid: 5f7201a12d95ffc409449d95f23cf332, type: 3}
  m_Name: 
  m_EditorClassIdentifier: 
--- !u!114 &1714258444 stripped
MonoBehaviour:
  m_CorrespondingSourceObject: {fileID: 21616504527086037, guid: b5c09f75bd5b1e946901fe7a3c9f1b0e, type: 3}
  m_PrefabInstance: {fileID: 21616503890599787}
  m_PrefabAsset: {fileID: 0}
  m_GameObject: {fileID: 0}
  m_Enabled: 1
  m_EditorHideFlags: 0
  m_Script: {fileID: 11500000, guid: 5f7201a12d95ffc409449d95f23cf332, type: 3}
  m_Name: 
  m_EditorClassIdentifier: 
--- !u!114 &1735616464 stripped
MonoBehaviour:
  m_CorrespondingSourceObject: {fileID: 3156761143609009385, guid: b5c09f75bd5b1e946901fe7a3c9f1b0e, type: 3}
  m_PrefabInstance: {fileID: 21616503890599787}
  m_PrefabAsset: {fileID: 0}
  m_GameObject: {fileID: 0}
  m_Enabled: 1
  m_EditorHideFlags: 0
  m_Script: {fileID: 11500000, guid: 5f7201a12d95ffc409449d95f23cf332, type: 3}
  m_Name: 
  m_EditorClassIdentifier: 
--- !u!114 &1800269863 stripped
MonoBehaviour:
  m_CorrespondingSourceObject: {fileID: 21616504974593758, guid: b5c09f75bd5b1e946901fe7a3c9f1b0e, type: 3}
  m_PrefabInstance: {fileID: 1919017068}
  m_PrefabAsset: {fileID: 0}
  m_GameObject: {fileID: 0}
  m_Enabled: 1
  m_EditorHideFlags: 0
  m_Script: {fileID: 11500000, guid: 4e29b1a8efbd4b44bb3f3716e73f07ff, type: 3}
  m_Name: 
  m_EditorClassIdentifier: 
--- !u!1 &1866998043
GameObject:
  m_ObjectHideFlags: 0
  m_CorrespondingSourceObject: {fileID: 0}
  m_PrefabInstance: {fileID: 0}
  m_PrefabAsset: {fileID: 0}
  serializedVersion: 6
  m_Component:
  - component: {fileID: 1866998044}
  - component: {fileID: 1866998047}
  - component: {fileID: 1866998046}
  - component: {fileID: 1866998045}
  m_Layer: 5
  m_Name: TextBg
  m_TagString: Untagged
  m_Icon: {fileID: 0}
  m_NavMeshLayer: 0
  m_StaticEditorFlags: 0
  m_IsActive: 1
--- !u!224 &1866998044
RectTransform:
  m_ObjectHideFlags: 0
  m_CorrespondingSourceObject: {fileID: 0}
  m_PrefabInstance: {fileID: 0}
  m_PrefabAsset: {fileID: 0}
  m_GameObject: {fileID: 1866998043}
  m_LocalRotation: {x: 0, y: 0, z: 0, w: 1}
  m_LocalPosition: {x: 0, y: 0, z: 0}
  m_LocalScale: {x: 1, y: 1, z: 1}
  m_Children:
  - {fileID: 1178211663}
  m_Father: {fileID: 527947300}
  m_RootOrder: 0
  m_LocalEulerAnglesHint: {x: 0, y: 0, z: 0}
  m_AnchorMin: {x: 0, y: 0}
  m_AnchorMax: {x: 0, y: 0}
  m_AnchoredPosition: {x: 0, y: 0}
  m_SizeDelta: {x: 350, y: 30}
  m_Pivot: {x: 0.5, y: 0.5}
--- !u!114 &1866998045
MonoBehaviour:
  m_ObjectHideFlags: 0
  m_CorrespondingSourceObject: {fileID: 0}
  m_PrefabInstance: {fileID: 0}
  m_PrefabAsset: {fileID: 0}
  m_GameObject: {fileID: 1866998043}
  m_Enabled: 1
  m_EditorHideFlags: 0
  m_Script: {fileID: 11500000, guid: 30649d3a9faa99c48a7b1166b86bf2a0, type: 3}
  m_Name: 
  m_EditorClassIdentifier: 
  m_Padding:
    m_Left: 0
    m_Right: 0
    m_Top: 0
    m_Bottom: 0
  m_ChildAlignment: 0
  m_Spacing: 0
  m_ChildForceExpandWidth: 1
  m_ChildForceExpandHeight: 1
  m_ChildControlWidth: 0
  m_ChildControlHeight: 0
  m_ChildScaleWidth: 0
  m_ChildScaleHeight: 0
  m_ReverseArrangement: 0
--- !u!114 &1866998046
MonoBehaviour:
  m_ObjectHideFlags: 0
  m_CorrespondingSourceObject: {fileID: 0}
  m_PrefabInstance: {fileID: 0}
  m_PrefabAsset: {fileID: 0}
  m_GameObject: {fileID: 1866998043}
  m_Enabled: 1
  m_EditorHideFlags: 0
  m_Script: {fileID: 11500000, guid: fe87c0e1cc204ed48ad3b37840f39efc, type: 3}
  m_Name: 
  m_EditorClassIdentifier: 
  m_Material: {fileID: 0}
  m_Color: {r: 0.3301887, g: 0.23737632, b: 0.18222678, a: 1}
  m_RaycastTarget: 1
  m_RaycastPadding: {x: 0, y: 0, z: 0, w: 0}
  m_Maskable: 1
  m_OnCullStateChanged:
    m_PersistentCalls:
      m_Calls: []
  m_Sprite: {fileID: 0}
  m_Type: 0
  m_PreserveAspect: 0
  m_FillCenter: 1
  m_FillMethod: 4
  m_FillAmount: 1
  m_FillClockwise: 1
  m_FillOrigin: 0
  m_UseSpriteMesh: 0
  m_PixelsPerUnitMultiplier: 1
--- !u!222 &1866998047
CanvasRenderer:
  m_ObjectHideFlags: 0
  m_CorrespondingSourceObject: {fileID: 0}
  m_PrefabInstance: {fileID: 0}
  m_PrefabAsset: {fileID: 0}
  m_GameObject: {fileID: 1866998043}
  m_CullTransparentMesh: 1
--- !u!114 &1898169181 stripped
MonoBehaviour:
  m_CorrespondingSourceObject: {fileID: 5591635618192496776, guid: b5c09f75bd5b1e946901fe7a3c9f1b0e, type: 3}
  m_PrefabInstance: {fileID: 21616503890599787}
  m_PrefabAsset: {fileID: 0}
  m_GameObject: {fileID: 0}
  m_Enabled: 1
  m_EditorHideFlags: 0
  m_Script: {fileID: 11500000, guid: 5f7201a12d95ffc409449d95f23cf332, type: 3}
  m_Name: 
  m_EditorClassIdentifier: 
--- !u!1001 &1919017068
PrefabInstance:
  m_ObjectHideFlags: 0
  serializedVersion: 2
  m_Modification:
    m_TransformParent: {fileID: 527947300}
    m_Modifications:
    - target: {fileID: 21616504527086038, guid: b5c09f75bd5b1e946901fe7a3c9f1b0e, type: 3}
      propertyPath: m_AnchoredPosition.x
      value: 3.100006
      objectReference: {fileID: 0}
    - target: {fileID: 21616504527086038, guid: b5c09f75bd5b1e946901fe7a3c9f1b0e, type: 3}
      propertyPath: m_AnchoredPosition.y
      value: -4.1062927
      objectReference: {fileID: 0}
    - target: {fileID: 21616504974593752, guid: b5c09f75bd5b1e946901fe7a3c9f1b0e, type: 3}
      propertyPath: m_Name
      value: Button2
      objectReference: {fileID: 0}
    - target: {fileID: 21616504974593759, guid: b5c09f75bd5b1e946901fe7a3c9f1b0e, type: 3}
      propertyPath: m_Pivot.x
      value: 0.5
      objectReference: {fileID: 0}
    - target: {fileID: 21616504974593759, guid: b5c09f75bd5b1e946901fe7a3c9f1b0e, type: 3}
      propertyPath: m_Pivot.y
      value: 0.5
      objectReference: {fileID: 0}
    - target: {fileID: 21616504974593759, guid: b5c09f75bd5b1e946901fe7a3c9f1b0e, type: 3}
      propertyPath: m_RootOrder
      value: 2
      objectReference: {fileID: 0}
    - target: {fileID: 21616504974593759, guid: b5c09f75bd5b1e946901fe7a3c9f1b0e, type: 3}
      propertyPath: m_AnchorMax.x
      value: 0
      objectReference: {fileID: 0}
    - target: {fileID: 21616504974593759, guid: b5c09f75bd5b1e946901fe7a3c9f1b0e, type: 3}
      propertyPath: m_AnchorMax.y
      value: 0
      objectReference: {fileID: 0}
    - target: {fileID: 21616504974593759, guid: b5c09f75bd5b1e946901fe7a3c9f1b0e, type: 3}
      propertyPath: m_AnchorMin.x
      value: 0
      objectReference: {fileID: 0}
    - target: {fileID: 21616504974593759, guid: b5c09f75bd5b1e946901fe7a3c9f1b0e, type: 3}
      propertyPath: m_AnchorMin.y
      value: 0
      objectReference: {fileID: 0}
    - target: {fileID: 21616504974593759, guid: b5c09f75bd5b1e946901fe7a3c9f1b0e, type: 3}
      propertyPath: m_SizeDelta.x
      value: 350
      objectReference: {fileID: 0}
    - target: {fileID: 21616504974593759, guid: b5c09f75bd5b1e946901fe7a3c9f1b0e, type: 3}
      propertyPath: m_SizeDelta.y
      value: 95
      objectReference: {fileID: 0}
    - target: {fileID: 21616504974593759, guid: b5c09f75bd5b1e946901fe7a3c9f1b0e, type: 3}
      propertyPath: m_LocalPosition.x
      value: 0
      objectReference: {fileID: 0}
    - target: {fileID: 21616504974593759, guid: b5c09f75bd5b1e946901fe7a3c9f1b0e, type: 3}
      propertyPath: m_LocalPosition.y
      value: 0
      objectReference: {fileID: 0}
    - target: {fileID: 21616504974593759, guid: b5c09f75bd5b1e946901fe7a3c9f1b0e, type: 3}
      propertyPath: m_LocalPosition.z
      value: 0
      objectReference: {fileID: 0}
    - target: {fileID: 21616504974593759, guid: b5c09f75bd5b1e946901fe7a3c9f1b0e, type: 3}
      propertyPath: m_LocalRotation.w
      value: 1
      objectReference: {fileID: 0}
    - target: {fileID: 21616504974593759, guid: b5c09f75bd5b1e946901fe7a3c9f1b0e, type: 3}
      propertyPath: m_LocalRotation.x
      value: 0
      objectReference: {fileID: 0}
    - target: {fileID: 21616504974593759, guid: b5c09f75bd5b1e946901fe7a3c9f1b0e, type: 3}
      propertyPath: m_LocalRotation.y
      value: 0
      objectReference: {fileID: 0}
    - target: {fileID: 21616504974593759, guid: b5c09f75bd5b1e946901fe7a3c9f1b0e, type: 3}
      propertyPath: m_LocalRotation.z
      value: 0
      objectReference: {fileID: 0}
    - target: {fileID: 21616504974593759, guid: b5c09f75bd5b1e946901fe7a3c9f1b0e, type: 3}
      propertyPath: m_AnchoredPosition.x
      value: 0
      objectReference: {fileID: 0}
    - target: {fileID: 21616504974593759, guid: b5c09f75bd5b1e946901fe7a3c9f1b0e, type: 3}
      propertyPath: m_AnchoredPosition.y
      value: 0
      objectReference: {fileID: 0}
    - target: {fileID: 21616504974593759, guid: b5c09f75bd5b1e946901fe7a3c9f1b0e, type: 3}
      propertyPath: m_LocalEulerAnglesHint.x
      value: 0
      objectReference: {fileID: 0}
    - target: {fileID: 21616504974593759, guid: b5c09f75bd5b1e946901fe7a3c9f1b0e, type: 3}
      propertyPath: m_LocalEulerAnglesHint.y
      value: 0
      objectReference: {fileID: 0}
    - target: {fileID: 21616504974593759, guid: b5c09f75bd5b1e946901fe7a3c9f1b0e, type: 3}
      propertyPath: m_LocalEulerAnglesHint.z
      value: 0
      objectReference: {fileID: 0}
    - target: {fileID: 5405150128034644294, guid: b5c09f75bd5b1e946901fe7a3c9f1b0e, type: 3}
      propertyPath: serializationData.Prefab
      value: 
      objectReference: {fileID: 5405150128034644294, guid: b5c09f75bd5b1e946901fe7a3c9f1b0e, type: 3}
    - target: {fileID: 5405150128034644294, guid: b5c09f75bd5b1e946901fe7a3c9f1b0e, type: 3}
      propertyPath: serializationData.PrefabModifications.Array.size
      value: 3
      objectReference: {fileID: 0}
    - target: {fileID: 5405150128034644294, guid: b5c09f75bd5b1e946901fe7a3c9f1b0e, type: 3}
      propertyPath: serializationData.PrefabModifications.Array.data[0]
      value: '"path":"FacilityNameText","value":$eref:0'
      objectReference: {fileID: 0}
    - target: {fileID: 5405150128034644294, guid: b5c09f75bd5b1e946901fe7a3c9f1b0e, type: 3}
      propertyPath: serializationData.PrefabModifications.Array.data[1]
      value: '"path":"PossessText","value":$eref:1'
      objectReference: {fileID: 0}
    - target: {fileID: 5405150128034644294, guid: b5c09f75bd5b1e946901fe7a3c9f1b0e, type: 3}
      propertyPath: serializationData.PrefabModifications.Array.data[2]
      value: '"path":"PriceText","value":$eref:2'
      objectReference: {fileID: 0}
    - target: {fileID: 5405150128034644294, guid: b5c09f75bd5b1e946901fe7a3c9f1b0e, type: 3}
      propertyPath: serializationData.PrefabModificationsReferencedUnityObjects.Array.size
      value: 3
      objectReference: {fileID: 0}
    - target: {fileID: 5405150128034644294, guid: b5c09f75bd5b1e946901fe7a3c9f1b0e, type: 3}
      propertyPath: serializationData.PrefabModificationsReferencedUnityObjects.Array.data[0]
      value: 
      objectReference: {fileID: 585354779}
    - target: {fileID: 5405150128034644294, guid: b5c09f75bd5b1e946901fe7a3c9f1b0e, type: 3}
      propertyPath: serializationData.PrefabModificationsReferencedUnityObjects.Array.data[1]
      value: 
      objectReference: {fileID: 1482715531}
    - target: {fileID: 5405150128034644294, guid: b5c09f75bd5b1e946901fe7a3c9f1b0e, type: 3}
      propertyPath: serializationData.PrefabModificationsReferencedUnityObjects.Array.data[2]
      value: 
      objectReference: {fileID: 1618127790}
    m_RemovedComponents: []
  m_SourcePrefab: {fileID: 100100000, guid: b5c09f75bd5b1e946901fe7a3c9f1b0e, type: 3}
--- !u!224 &1919017069 stripped
RectTransform:
  m_CorrespondingSourceObject: {fileID: 21616504974593759, guid: b5c09f75bd5b1e946901fe7a3c9f1b0e, type: 3}
  m_PrefabInstance: {fileID: 1919017068}
  m_PrefabAsset: {fileID: 0}
--- !u!114 &1957451801 stripped
MonoBehaviour:
  m_CorrespondingSourceObject: {fileID: 21616504527086037, guid: b5c09f75bd5b1e946901fe7a3c9f1b0e, type: 3}
  m_PrefabInstance: {fileID: 912235799}
  m_PrefabAsset: {fileID: 0}
  m_GameObject: {fileID: 0}
  m_Enabled: 1
  m_EditorHideFlags: 0
  m_Script: {fileID: 11500000, guid: 5f7201a12d95ffc409449d95f23cf332, type: 3}
  m_Name: 
  m_EditorClassIdentifier: 
--- !u!1001 &21616503890599787
PrefabInstance:
  m_ObjectHideFlags: 0
  serializedVersion: 2
  m_Modification:
    m_TransformParent: {fileID: 527947300}
    m_Modifications:
    - target: {fileID: 21616504527086038, guid: b5c09f75bd5b1e946901fe7a3c9f1b0e, type: 3}
      propertyPath: m_AnchoredPosition.x
      value: 3.100006
      objectReference: {fileID: 0}
    - target: {fileID: 21616504527086038, guid: b5c09f75bd5b1e946901fe7a3c9f1b0e, type: 3}
      propertyPath: m_AnchoredPosition.y
      value: -4.1062927
      objectReference: {fileID: 0}
    - target: {fileID: 21616504974593752, guid: b5c09f75bd5b1e946901fe7a3c9f1b0e, type: 3}
      propertyPath: m_Name
      value: Button1
      objectReference: {fileID: 0}
    - target: {fileID: 21616504974593758, guid: b5c09f75bd5b1e946901fe7a3c9f1b0e, type: 3}
      propertyPath: m_Interactable
      value: 1
      objectReference: {fileID: 0}
    - target: {fileID: 21616504974593759, guid: b5c09f75bd5b1e946901fe7a3c9f1b0e, type: 3}
      propertyPath: m_Pivot.x
      value: 0.5
      objectReference: {fileID: 0}
    - target: {fileID: 21616504974593759, guid: b5c09f75bd5b1e946901fe7a3c9f1b0e, type: 3}
      propertyPath: m_Pivot.y
      value: 0.5
      objectReference: {fileID: 0}
    - target: {fileID: 21616504974593759, guid: b5c09f75bd5b1e946901fe7a3c9f1b0e, type: 3}
      propertyPath: m_RootOrder
      value: 1
      objectReference: {fileID: 0}
    - target: {fileID: 21616504974593759, guid: b5c09f75bd5b1e946901fe7a3c9f1b0e, type: 3}
      propertyPath: m_AnchorMax.x
      value: 0
      objectReference: {fileID: 0}
    - target: {fileID: 21616504974593759, guid: b5c09f75bd5b1e946901fe7a3c9f1b0e, type: 3}
      propertyPath: m_AnchorMax.y
      value: 0
      objectReference: {fileID: 0}
    - target: {fileID: 21616504974593759, guid: b5c09f75bd5b1e946901fe7a3c9f1b0e, type: 3}
      propertyPath: m_AnchorMin.x
      value: 0
      objectReference: {fileID: 0}
    - target: {fileID: 21616504974593759, guid: b5c09f75bd5b1e946901fe7a3c9f1b0e, type: 3}
      propertyPath: m_AnchorMin.y
      value: 0
      objectReference: {fileID: 0}
    - target: {fileID: 21616504974593759, guid: b5c09f75bd5b1e946901fe7a3c9f1b0e, type: 3}
      propertyPath: m_SizeDelta.x
      value: 350
      objectReference: {fileID: 0}
    - target: {fileID: 21616504974593759, guid: b5c09f75bd5b1e946901fe7a3c9f1b0e, type: 3}
      propertyPath: m_SizeDelta.y
      value: 95
      objectReference: {fileID: 0}
    - target: {fileID: 21616504974593759, guid: b5c09f75bd5b1e946901fe7a3c9f1b0e, type: 3}
      propertyPath: m_LocalPosition.x
      value: 0
      objectReference: {fileID: 0}
    - target: {fileID: 21616504974593759, guid: b5c09f75bd5b1e946901fe7a3c9f1b0e, type: 3}
      propertyPath: m_LocalPosition.y
      value: 0
      objectReference: {fileID: 0}
    - target: {fileID: 21616504974593759, guid: b5c09f75bd5b1e946901fe7a3c9f1b0e, type: 3}
      propertyPath: m_LocalPosition.z
      value: 0
      objectReference: {fileID: 0}
    - target: {fileID: 21616504974593759, guid: b5c09f75bd5b1e946901fe7a3c9f1b0e, type: 3}
      propertyPath: m_LocalRotation.w
      value: 1
      objectReference: {fileID: 0}
    - target: {fileID: 21616504974593759, guid: b5c09f75bd5b1e946901fe7a3c9f1b0e, type: 3}
      propertyPath: m_LocalRotation.x
      value: 0
      objectReference: {fileID: 0}
    - target: {fileID: 21616504974593759, guid: b5c09f75bd5b1e946901fe7a3c9f1b0e, type: 3}
      propertyPath: m_LocalRotation.y
      value: 0
      objectReference: {fileID: 0}
    - target: {fileID: 21616504974593759, guid: b5c09f75bd5b1e946901fe7a3c9f1b0e, type: 3}
      propertyPath: m_LocalRotation.z
      value: 0
      objectReference: {fileID: 0}
    - target: {fileID: 21616504974593759, guid: b5c09f75bd5b1e946901fe7a3c9f1b0e, type: 3}
      propertyPath: m_AnchoredPosition.x
      value: 0
      objectReference: {fileID: 0}
    - target: {fileID: 21616504974593759, guid: b5c09f75bd5b1e946901fe7a3c9f1b0e, type: 3}
      propertyPath: m_AnchoredPosition.y
      value: 0
      objectReference: {fileID: 0}
    - target: {fileID: 21616504974593759, guid: b5c09f75bd5b1e946901fe7a3c9f1b0e, type: 3}
      propertyPath: m_LocalEulerAnglesHint.x
      value: 0
      objectReference: {fileID: 0}
    - target: {fileID: 21616504974593759, guid: b5c09f75bd5b1e946901fe7a3c9f1b0e, type: 3}
      propertyPath: m_LocalEulerAnglesHint.y
      value: 0
      objectReference: {fileID: 0}
    - target: {fileID: 21616504974593759, guid: b5c09f75bd5b1e946901fe7a3c9f1b0e, type: 3}
      propertyPath: m_LocalEulerAnglesHint.z
      value: 0
      objectReference: {fileID: 0}
    - target: {fileID: 5405150128034644294, guid: b5c09f75bd5b1e946901fe7a3c9f1b0e, type: 3}
      propertyPath: serializationData.Prefab
      value: 
      objectReference: {fileID: 5405150128034644294, guid: b5c09f75bd5b1e946901fe7a3c9f1b0e, type: 3}
    - target: {fileID: 5405150128034644294, guid: b5c09f75bd5b1e946901fe7a3c9f1b0e, type: 3}
      propertyPath: serializationData.PrefabModifications.Array.size
      value: 4
      objectReference: {fileID: 0}
    - target: {fileID: 5405150128034644294, guid: b5c09f75bd5b1e946901fe7a3c9f1b0e, type: 3}
      propertyPath: serializationData.PrefabModifications.Array.data[0]
      value: '"path":"FacilityEpS","value":$eref:0'
      objectReference: {fileID: 0}
    - target: {fileID: 5405150128034644294, guid: b5c09f75bd5b1e946901fe7a3c9f1b0e, type: 3}
      propertyPath: serializationData.PrefabModifications.Array.data[1]
      value: '"path":"FacilityNameText","value":$eref:1'
      objectReference: {fileID: 0}
    - target: {fileID: 5405150128034644294, guid: b5c09f75bd5b1e946901fe7a3c9f1b0e, type: 3}
      propertyPath: serializationData.PrefabModifications.Array.data[2]
      value: '"path":"PossessText","value":$eref:2'
      objectReference: {fileID: 0}
    - target: {fileID: 5405150128034644294, guid: b5c09f75bd5b1e946901fe7a3c9f1b0e, type: 3}
      propertyPath: serializationData.PrefabModifications.Array.data[3]
      value: '"path":"PriceText","value":$eref:3'
      objectReference: {fileID: 0}
    - target: {fileID: 5405150128034644294, guid: b5c09f75bd5b1e946901fe7a3c9f1b0e, type: 3}
      propertyPath: serializationData.PrefabModificationsReferencedUnityObjects.Array.size
      value: 4
      objectReference: {fileID: 0}
    - target: {fileID: 5405150128034644294, guid: b5c09f75bd5b1e946901fe7a3c9f1b0e, type: 3}
      propertyPath: serializationData.PrefabModificationsReferencedUnityObjects.Array.data[0]
      value: 
      objectReference: {fileID: 1735616464}
    - target: {fileID: 5405150128034644294, guid: b5c09f75bd5b1e946901fe7a3c9f1b0e, type: 3}
      propertyPath: serializationData.PrefabModificationsReferencedUnityObjects.Array.data[1]
      value: 
      objectReference: {fileID: 1714258444}
    - target: {fileID: 5405150128034644294, guid: b5c09f75bd5b1e946901fe7a3c9f1b0e, type: 3}
      propertyPath: serializationData.PrefabModificationsReferencedUnityObjects.Array.data[2]
      value: 
      objectReference: {fileID: 69042744}
    - target: {fileID: 5405150128034644294, guid: b5c09f75bd5b1e946901fe7a3c9f1b0e, type: 3}
      propertyPath: serializationData.PrefabModificationsReferencedUnityObjects.Array.data[3]
      value: 
      objectReference: {fileID: 1898169181}
    m_RemovedComponents: []
  m_SourcePrefab: {fileID: 100100000, guid: b5c09f75bd5b1e946901fe7a3c9f1b0e, type: 3}
